4706 7287
1368 282 1515 364 IN
1632 276 2185 381 LIBRVM
2292 279 2465 363 DE
2576 210 3178 364 smmi-v.
3409 387 3420 397 .
3765 306 3880 386 355

523 434 578 500 ri
606 431 983 500 mutatione
1015 450 1180 524 opus
1208 422 1492 496 habeant
1529 477 1551 508 ,
1592 448 1661 495 vt
1695 424 2112 508 alimentum,
2157 427 2340 523 quod
2369 424 2589 522 aliquo
2623 428 2833 495 modo
2906 416 3021 495 arti
3051 425 3296 495 alenda:
3329 429 3724 495 contrarium
3747 429 3873 508 est,

527 526 869 596 assimilent
902 551 920 593 ι
961 525 1068 594 hic
1101 523 1259 594 vero
1299 528 1388 594 ita
1423 528 1745 594 nutriatur
1775 575 1796 605 ‚
1829 546 1904 592 vt
1933 523 2038 594 vel
2065 521 2196 592 leui
2227 549 2303 637 ap
2353 520 2490 593 ulsu
2528 574 2549 604 ‚
2597 452 3193 618 commiKioneque
3249 519 3467 591 similis
3514 520 3876 593 {ubstantiae
3947 529 3958 549 ¹

523 628 869 694 nutriatur.
986 621 1309 717 estitaque
1326 623 1600 689 nutritio
1626 620 1760 690 haec
1789 645 1938 689 vera
1963 624 2231 718 quidem
2257 620 2301 689 il
2328 647 2364 688 a
2391 671 2411 702 ,
2431 620 2535 688 sed
2564 624 2888 716 quoniam
2911 623 3124 691 tenuis
3155 645 3253 689 res
3283 617 3534 715 spiritus
3554 620 3644 690 est
3664 672 3682 702 ,
3718 618 3900 691 aliis--

526 746 657 817 que
684 723 970 816 corporis
1043 715 1283 788 artibus
1313 721 1669 798 tenuitate,
1696 715 2062 787 mobilitate
2094 769 2114 798 ,
2147 741 2223 786 vt
2251 714 2653 813 simplicitate
2683 716 2962 786 maxime
2995 717 3246 813 praestat
3262 767 3286 798 ‚
3315 714 3390 785 fit
3405 739 3475 785 vt
3507 721 3644 787 eius
3667 722 3902 787 nutri--

529 823 627 887 tio
667 812 767 887 his
811 745 1118 885 omnibus
1160 804 1651 884 conditionibus
1674 813 1929 910 pra-stet
1953 808 2217 907 aliarum
2252 819 2539 911 partium
2570 817 2941 883 nutritioni.
3000 837 3218 909 neque
3258 806 3322 882 id
3351 815 3500 883 dico
3532 839 3876 912 propterea

540 915 725 1009 quod
752 909 1037 1009 spiritum
1054 926 1167 1008 per
1191 908 1541 1008 {implicem
1562 915 1809 981 externi
1826 916 1983 981 aeris
2002 911 2379 980 mistionem
2412 909 2490 979 ali
2523 910 2916 993 existimem,
2936 911 3118 1006 quod
3136 932 3206 978 vt
3223 908 3445 980 multis
3471 907 3764 1006 placuiffe
3779 917 3876 982 vi-

532 1013 779 1092 deo,ita
800 1009 960 1077 mihi
977 1028 1315 1105 nunquam
1329 1012 1548 1106 potuit
1563 1009 1870 1076 arridere:
1892 1005 1973 1077 sic
1992 1012 2165 1076 enim
2182 1006 2395 1078 nescio
2428 1010 2586 1104 quid
2604 1007 2741 1077 haec
2771 1006 3030 1076 distaret
3061 1010 3335 1075 nutritio
3351 1005 3432 1075 ab
3451 1026 3522 1076 ea
3537 1008 3868 1092 mistione,

531 1132 677 1204 quae
706 1102 784 1175 fit
807 1109 875 1174 in
904 1110 1059 1175 aeris
1086 1110 1364 1202 partium
1389 1103 1765 1175 accessione.
1796 1103 1900 1173 sed
1932 1108 2035 1173 aio
2063 1109 2311 1200 spiritus
2339 1110 2776 1174 nutritionem
2802 1102 2971 1174 illius
3002 1125 3248 1172 naturae
3267 1108 3826 1175 accommodatam
3846 1150 3869 1189 ,

535 1202 836 1282 celerem,
853 1198 1107 1272 facilem
1124 1254 1144 1284 ,
1164 1203 1552 1298 expeditam,
1568 1199 1875 1271 sinceram
1894 1253 1913 1282 ,
1932 1200 2265 1300 postremo
2284 1225 2360 1269 vt
2388 1225 2521 1270 vno
2549 1199 2754 1272 verbo
2772 1203 2980 1271 dicam
2998 1197 3424 1297 ‚spiritualem
3447 1198 3667 1289 (liceat
3694 1208 3871 1271 enim

532 1325 720 1370 nouo
735 1300 865 1369 hoc
881 1322 1034 1395 apto
1054 1322 1276 1369 tamen
1293 1295 1625 1396 appellaffe
1636 1303 1950 1386 nomine)
1973 1298 2072 1368 his
2087 1295 2310 1394 politis
2326 1348 2346 1379 ,
2365 1321 2507 1367 non
2534 1300 2700 1370 adeo
2729 1303 2849 1368 erit
2879 1300 3075 1367 ardua
3100 1300 3546 1394 Hippocratici
3572 1300 3872 1397 Dogma-

534 1403 616 1467 tis
629 1393 944 1466 defensio.
959 1388 1244 1493 primum
1265 1400 1439 1465 enim
1455 1392 1640 1465 facile
1656 1418 1833 1492 pater
1851 1394 2213 1465 Aristotelis
2226 1391 2635 1491 propositum
2651 1400 2721 1463 in
2737 1392 2906 1463 libro
2924 1395 3005 1463 de
3035 1392 3509 1491 Respiratione.
3529 1400 3596 1463 in
3615 1395 3744 1467 hoc
3759 1397 3873 1466 lu-

537 1517 673 1564 tem
688 1487 857 1562 libro
874 1496 956 1562 de
974 1489 1190 1589 spiritu
1206 1494 1423 1589 aperte
1437 1489 1643 1589 pofita
1656 1490 1747 1561 est
1778 1492 2179 1591 Aristogenis
2216 1496 2484 1589 opinio,
2516 1515 2714 1586 quam
2732 1488 3116 1573 insectatur,
3144 1493 3222 1560 ad
3250 1493 3874 1589 Hippocraticalon-

352 1624 359 1629 ·
435 1648 439 1653 .
537 1592 618 1689 ge
636 1586 897 1665 diuersa,
925 1591 1337 1663 deindecum
1366 1593 1639 1658 nutritio
1668 1585 1914 1686 spiritus
1942 1584 2186 1659 diuersa
2210 1587 2291 1658 ab
2324 1588 2587 1657 aliarum
2618 1590 2899 1685 partium
2917 1592 3294 1658 ‘nutritione
3321 1587 3529 1685 posita
3557 1587 3667 1671 fit,
3737 1592 3875 1661 uod

534 1691 873 1757 neminem
891 1685 1164 1757 arbitror
1179 1712 1319 1756 non
1334 1680 1804 1771 concessurum,
1825 1684 2011 1757 facile
2026 1709 2095 1757 vt
2114 1690 2352 1783 opinor
2371 1684 2701 1775 eleuarnus
2720 1707 3101 1784 argumenta
3114 1734 3136 1768 ,
3156 1711 3299 1781 quae
3314 1690 3659 1783 negotium
3708 1693 3875 1758 acie-

535 1781 718 1855 bant.
2062 1804 2072 1820 ³

731 1882 909 1953 Nam
926 1907 1002 1951 ex
1019 1905 1163 1951 aere
1178 1907 1320 1952 non
1340 1879 1421 1952 ali
1440 1906 1673 1978 corpus
1690 1880 1806 1951 illo
1822 1879 2000 1952 sensu
2016 1883 2267 1953 dictum
2287 1882 2592 1979 est,quod
2611 1884 2848 1977 odore,
2871 1875 3068 1976 quem
3089 1903 3444 1976 vaporem,
3461 1880 3873 1981 halitumque

546 1975 923 2049 censuerant
939 1978 1159 2076 aliqui,
1174 2002 1483 2075 putarunt
1504 1980 1893 2078 Pythagorei
1912 1978 2087 2076 poss'e
2114 1979 2456 2050 hominem
2475 1984 2742 2049 enutriri
2764 2006 2778 2046 ε
2800 1991 2870 2049 ac
2886 1981 2967 2047 de
2983 1981 3348 2047 nutritione
3363 1983 3563 2048 totius
3584 1987 3873 2076 corporis

533 2073 1051 2174 vereidintelligi
1068 2127 1089 2158 ,
1110 2101 1248 2146 non
1266 2078 1346 2146 de
1362 2073 1610 2172 spiritus
1627 2128 1647 2159 ,
1664 2082 1842 2147 cuius
1870 2080 2249 2146 nutritionis
2278 2081 2770 2174 praerogatiuam
2799 2074 2969 2144 illius
2996 2072 3326 2145 nobilitati
3356 2081 3880 2149 conuenientem

535 2175 666 2241 iam
681 2168 1031 2268 posuimus.
1062 2170 1148 2242 fic
1172 2179 1243 2242 &
1271 2196 1728 2270 argumentum
1759 2170 2060 2254 soluitur,
2079 2198 2214 2270 quo
2240 2178 2632 2269 proponitur
2647 2214 2670 2255 -,
2690 2198 2766 2241 ex
2796 2170 3049 2254 iisdem,
3067 2195 3142 2240 ex
3173 2169 3410 2266 quibus
3439 2171 3700 2243 aluntur
3718 2169 3874 2243 'orta

535 2264 662 2339 effe
677 2268 994 2339 animalia.
1011 2271 1189 2340 Nam
1215 2269 1366 2340 cum
1382 2295 1530 2341 vera
1546 2268 1619 2339 fit
1635 2267 1995 2368 propositio
2009 2320 2029 2352 ,
2048 2293 2267 2340 totum
2284 2271 2366 2339 ad
2382 2268 2619 2339 animal
2632 2267 2777 2340 sane
2794 2274 3073 2366 pertinet
3092 2295 3108 2335 ε
3129 2269 3312 2365 quod
3326 2266 3372 2337 fi
3388 2277 3456 2338 &
3473 2269 3719 2365 spiritus
3738 2276 3876 2342 eius

538 2388 682 2465 pars
697 2361 773 2436 fit
791 2414 811 2446 ,
828 2388 1033 2463 eaque
1046 2370 1211 2434 ratio
1228 2371 1297 2435 in
1312 2389 1462 2436 toto
1481 2362 1602 2436 effe
1621 2366 1855 2437 debeat
1869 2419 1890 2450 ‚
1957 2392 2050 2437 uae
2064 2373 2132 2436 in
2146 2392 2326 2464 parte
2341 2419 2364 2448 ,
2383 2390 2605 2436 tamen
2623 2364 2773 2437 cum
2803 2363 3049 2463 spiritus
3073 2362 3488 2434 'nobiliffimae
3507 2390 3750 2436 naturae
3765 2364 3869 2449 fit,

541 2460 930 2559 caelestisque
991 2467 1162 2532 otius
1181 2487 1380 2559 quam
1397 2462 1804 2534 elementaris
1818 2515 1841 2545 ,
1860 2394 1951 2533 nil
1965 2468 2205 2535 mirum
2224 2464 2315 2533 est
2330 2515 2351 2545 ,
2372 2466 2643 2559 quando
2673 2488 2749 2532 ex
2768 2463 3082 2531 alimento
3113 2484 3362 2557 partem
3388 2460 3590 2560 seligit
3614 2462 3874 2559 puriffia

540 2581 719 2633 mam
735 2610 756 2640 ,
774 2585 901 2657 qua
938 2557 1037 2628 ese
1066 2562 1309 2628 nutriat
1328 2610 1347 2639 ,
1366 2556 1411 2626 fi
1431 2584 1506 2627 ex
1531 2559 1832 2657 inspirato
1851 2585 1996 2629 aere
2020 2557 2396 2658 frigefactus
2415 2609 2435 2641 ,
2463 2586 2536 2630 ac
2556 2559 2899 2631 ventilatus
2915 2611 2932 2640 ,
2951 2582 3199 2655 partem
3232 2584 3505 2655 quoque
3522 2558 3603 2629 ab
3620 2586 3703 2629 eo
3720 2585 3869 2630 mua

539 2677 796 2736 matur,
827 2681 957 2752 qua
973 2652 1265 2737 citiffime
1292 2651 1703 2752 facilimeque
1718 2656 1979 2725 alterata
2038 2682 2112 2747 ro
2164 2681 2258 2727 ter
2271 2654 2760 2729 similitudinem
2792 2655 2991 2724 alatur
3008 2663 3117 2737 ,δε
3143 2654 3454 2753 augescat.
3474 2659 3658 2752 quod
3670 2662 3872 2754 perti-

546 2773 663 2821 net
681 2752 756 2820 ad
777 2755 1014 2822 odores
1028 2803 1052 2835 ,
1070 2750 1307 2848 quibus
1321 2754 1626 2822 videntur
1639 2749 1886 2849 spiritus
1899 2777 1969 2822 re
2022 2757 2098 2834 ci,
2133 2777 2387 2822 atemur
2402 2759 2471 2821 &
2489 2778 2610 2822 nos
2630 2749 3012 2822 alteratione
3028 2748 3158 2822 sola
3181 2747 3471 2848 spiritum
3490 2752 3568 2822 ab
3585 2758 3659 2823 iis
3676 2750 3875 2827 foue-

542 2851 631 2929 ri,
650 2854 721 2917 δι
750 2844 1038 2917 sustineri
1064 2845 1461 2930 nelabascat‚
1530 2851 1664 2919 uod
1693 2873 1909 2919 autem
1927 2847 2182 2946 inlapsu
2206 2846 2422 2920 subito
2437 2854 2671 2919 virium
2690 2901 2711 2931 ,
2729 2845 3018 2944 &inipfa
3043 2845 3359 2944 syncope,
3395 2853 3552 2918 vino
3568 2847 3877 2920 succurri-

542 2968 707 3025 mus,
725 2967 834 3014 aut
848 2941 972 3015 alio
1024 2949 1138 3014 uin
1170 2942 1319 3014 cibo
1335 2941 1500 3015 sorbi
1528 2950 1735 3027 i,non
1753 2948 1903 3015 ideo
1939 2971 2014 3015 ex
2031 2946 2159 3016 hoc
2188 2943 2573 3016 sumendum
2602 2968 3059 3044 argumentum
3077 2946 3367 3025 est,aere
3395 2969 3538 3015 non
3566 2944 3745 3016 refici
3768 2951 3875 3015 in-·-
3932 2951 3938 2958 ’

542 2972 1274 3138 ἰὶαιιῑειτὶφισᾷἰτίωιῐι.
1375 3043 1502 3111 Sed
1530 3066 1676 3111 cum
1704 3039 1986 3139 syncope
2026 3067 2138 3113 aut
2168 3065 2435 3141 propter
2463 3040 2787 3140 *insignem
2818 3040 3307 3122 alterationem,
3352 3065 3461 3110 aut
3492 3064 3760 3139 propter
3797 3060 3872 3114 'e-

544 3141 1022 3208 uacuationem·
1053 3139 1294 3208 accidat
1324 3189 1345 3219 ‚
1401 3162 1507 3208 aer
1539 3162 1759 3234 neque
1795 3137 2245 3208 alterationem
2284 3138 2498 3234 potest
2541 3138 2861 3235 corrigere
2887 3194 2902 3219 ,
2947 3162 3165 3235 neque
3211 3142 3708 3209 euacuationem
3744 3144 3874 3208 im-

543 3232 762 3331 plere,
789 3259 931 3303 non
963 3239 1139 3305 enim
1172 3259 1244 3303 ea
1273 3234 1363 3304 est
1391 3239 1763 3316 euacuado,
1796 3240 1898 3311 cui
1921 3233 2116 3332 possit
2155 3232 2481 3331 inspiratio
2511 3232 2871 3305 succurrere
2898 3285 2919 3316 ‚
2960 3232 3068 3304 sed
3094 3259 3238 3331 quae
3263 3233 3574 3304 alimento
3615 3260 3872 3332 repare-
3907 3258 3916 3270 ¹

543 3352 677 3412 tur,
708 3331 892 3427 quod
918 3337 989 3402 δε
1010 3327 1291 3401 facilime
1321 3382 1342 3413 ,
1374 3329 1800 3428 citiffimeque
1835 3355 2125 3428 permeet
2157 3383 2179 3413 ,
2208 3338 2279 3401 ὃ(
2305 3328 2692 3427 vaporosum
2720 3329 2826 3413 fit,
2859 3337 2927 3400 ὃ(
2960 3329 3271 3411 calidum,
3315 3355 3532 3429 eoque
3559 3335 3766 3402 modo
3796 3339 3871 3402 δε

543 3425 888 3497 alteratum
919 3430 1229 3498 emendet
1255 3425 1545 3525 spiritum
1587 3435 1655 3498 &
1689 3434 2012 3498 inanitum
2052 3426 2237 3498 facile
2279 3427 2613 3501 instauret.
2687 3453 2764 3497 ex
2793 3425 3158 3521 rationibus
3204 3424 3285 3496 ab
3314 3430 3610 3499 Austore
3638 3430 3868 3503 nostro

476 3572 481 3577 ·
548 3520 748 3593 allatis
789 3575 810 3606 ‚
842 3523 1037 3599 ,nulla
1062 3527 1315 3595 videtur
1355 3522 1788 3622 politionibus
1820 3525 2063 3596 *nostris
2107 3522 2415 3641 aduersari
2447 3577 2468 3607 ‚
2510 3522 2625 3594 nisi
2656 3550 2730 3594 ea
2757 3577 2776 3607 ‚
2869 3551 2951 3594 ua
2980 3521 3322 3595 absurdam¹
3355 3525 3670 3595 existimat
3721 3551 3872 3596 mo-

544 3627 965 3691 mentaneam
991 3619 1166 3692 illam
1193 3620 1441 3719 spiritus
1481 3625 1858 3693 coctionem
1899 3676 1922 3707 ‚
1977 3629 2048 3693 δε
2081 3625 2514 3693 nutritionem
2551 3618 2767 3692 subito
2812 3552 3070 3692 gustam.
3119 3685 3134 3692 ,
3184 3625 3317 3693 Cui
3346 3645 3568 3706 tamen
3605 3620 3873 3721 respona

468 3759 483 3766 ·
547 3717 840 3787 :lendum
869 3718 961 3790 est
988 3766 1009 3799 ‚
1050 3715 1384 3788 absurdam
1412 3721 1680 3816 quidem
1710 3717 1837 3790 esse
1863 3766 1886 3803 ,
1926 3745 2056 3816 qua
2082 3724 2336 3789 ratione
2385 3718 2466 3789 ab
2505 3718 2897 3819 Aristogene
2926 3716 3297 3815 ponebatur
3319 3769 3340 3800 ‚
3385 3725 3499 3818 qui
3524 3727 3592 3790 &
3626 3746 3873 3792 conco-

549 3817 666 3910 qui
703 3817 774 3883 in
801 3813 1119 3910 pulmone
1161 3837 1374 3883 aerem
1415 3813 1803 3912 opinabatur
1848 3867 1870 3900 ,
1925 3822 1995 3886 &
2037 3837 2526 3906 excrementum
2561 3818 2718 3885 inde
2773 3819 2982 3887 educi.
3091 3838 3359 3913 propter
3403 3819 3588 3912 quod
3652 3843 3872 3888 excre-

456 3956 463 3961 -
545 3932 854 3980 mentum
891 3907 1158 3981 absurde
1245 3913 1464 3981 uidem
1506 3918 1577 3981 δε
1619 3913 1866 3985 temere
1895 3910 2180 4009 positum
2207 3965 2229 3995 ‚
2272 3918 2560 3984 rationes
2600 3936 2733 3983 tam
2773 3916 2843 3980 in
2871 3913 3000 3982 hoc
3018 3910 3185 3982 libro
3213 3962 3236 3992 ‚
3266 3912 3465 4008 quam
3492 3918 3561 3982 in
3585 3911 3871 3992 librode

544 4003 1002 4104 Respiratione
1025 3938 1363 4078 veraecsunt
1388 4060 1412 4091 ‚
1456 4015 1527 4079 &
1555 4010 1804 4105 optime
1839 4006 2084 4107 pofitae.
2130 4019 2272 4081 nori
2309 4031 2533 4080 tamen
2562 4010 2913 4079 dicendum
2945 4008 3036 4078 est
3075 4005 3561 4079 absurdam-esst:
3589 4009 3867 4082 celerem

543 4100 722 4173 illam
765 4106 1141 4175 costionem
1183 4131 1268 4175 eo
1297 4101 1475 4175 sensu
1514 4103 1914 4176 intellectam
1950 4157 1971 4188 ,
2000 4131 2131 4202 qua
2166 4110 2598 4203 Hippocrates
2624 4158 2646 4189 ,
2685 4104 3108 4202 Galenusque
3135 4104 3619 4177 intellexerunt.
3701 4109 3902 4177 adde-

545 4200 1010 4299 Aristogenem
1032 4206 1103 4269 in
1129 4200 1449 4298 pulmone
1476 4198 1750 4272 voluiss'e
1786 4227 2000 4273 aerem
2027 4208 2356 4299 concoqui
2384 4255 2405 4284 ,
2441 4228 2660 4299 neque
2688 4199 3059 4284 dedaraHE,
3091 4200 3128 4272 ὲ
3154 4227 3290 4300 quo
3323 4228 3537 4298 quaue
3564 4201 3874 4297 facultate

545 4298 615 4366 id
653 4320 911 4394 agente.
1035 4323 1181 4394 quae
1211 4302 1436 4375 omnia
1473 4323 1621 4369 cum
1653 4298 1744 4368 illi
1782 4294 2197 4369 declarassent
2223 4305 2349 4381 ita,
2377 4323 2447 4372 vt
2472 4298 2637 4369 nihil
2672 4322 2922 4369 temere
2948 4297 3402 4380 dietummibil
3430 4323 3573 4369 non
3597 4299 3874 4372 con-sen·-

543 4413 815 4464 taneum
846 4391 1155 4477 afferant,
1183 4400 1252 4464 δε
1286 4397 1473 4490 quod
1498 4398 1574 4465 ad
1614 4394 1959 4476 animalem
1986 4400 2221 4466 attinet
2249 4392 2538 4492 spiritum
2555 4446 2576 4477 ‚
2593 4403 2664 4467 &
2681 4396 2866 4491 quod
2881 4397 2960 4464 ad
2983 4393 3244 4464 vitalem
3264 4393 3622 4490 ‚reliquum
3640 4402 3761 4468 erit
3776 4395 3874 4466 af·-

543 4485 803 4559 firmare
829 4489 1250 4560 Aristotelem
1275 4496 1658 4587 Hippocrati
1688 4517 1830 4563 non
1854 4489 2166 4563 aduersari
2191 4543 2214 4573 ‚
2240 4495 2347 4562 led
2388 4492 2613 4566 vidisse
2642 4494 2910 4589 quidem
2935 4489 3119 4560 illum
3132 4496 3416 4586 primurn
3444 4489 3874 4588 respirationis

472 4605 477 4624 ’
546 4582 1341 4681 finem,docf.l:equeillum
1369 4584 1723 4656 declaraffe.
1781 4613 1858 4656 ex
1884 4592 2287 4683 Hippocrate
2316 4594 2475 4658 vero
2501 4587 2828 4656 Galenum
2862 4585 3060 4654 alium
3086 4590 3280 4654 etiam
3308 4584 3512 4654 finem
3541 4586 3875 4685 agnouisse

547 4679 1085 4777 qnisecundarius
1100 4680 1464 4777 est‚quique
1481 4679 1649 4749 bene
1664 4704 2004 4778 perceptus
2019 4732 2042 4762 ‚
2061 4705 2280 4775 neque
2306 4704 2554 4752 naturae
2578 4704 2796 4749 return
2831 4684 3085 4749 veritati
3113 4677 3478 4752 aduersatur
3495 4732 3515 4763 ,
3534 4689 3602 4751 δε
3617 4686 3868 4786 Aristo-

548 4776 665 4848 teli
691 4800 950 4849 tantum
979 4775 1276 4858 abest,vt
1289 4782 1650 4847 contrarius
1664 4774 1786 4871 fit,
1805 4799 1874 4845 vt
1908 4778 2471 4871 quemadmodum
2499 4774 2705 4847 multa
2729 4781 2800 4844 in
2832 4773 3195 4872 particulari
3238 4771 3456 4847 rerum
3484 4801 3729 4850 naturae
3759 4807 3873 4852 co·

548 4878 849 4974 gnitione
874 4872 1052 4944 abeo
1078 4877 1333 4955 tradita,
1357 4872 1665 4945 aGaleno
1680 4875 1901 4954 aucta,
1920 4871 2361 4969 illustrataque
2379 4869 2548 4954 sunt,
2563 4876 2652 4942 ita
2676 4878 2871 4942 etiam
2890 4873 3017 4943 hoc
3036 4874 3239 4971 ipsum
3267 4874 3349 4943 de
3380 4873 3649 4945 aereins
3675 4880 3867 4961 irato,

547 4995 627 5043 ex
644 4997 781 5071 quo
795 4970 997 5042 vitalis
1011 4964 1425 5067 animalisque
1436 4968 1685 5068 spiritus
1698 4969 1888 5039 alitur
1919 4971 2201 5039 exactius
2229 4966 2616 5067 explicatum
2643 4966 2741 5038 fit.
2773 4968 2909 5040 -hoc
2944 4975 3121 5041 enim
3143 4973 3214 5040 in
3240 4967 3464 5041 multis
3492 4968 3615 5045 feci
3668 5000 3704 5046 e
3732 4981 3866 5045 Ga-

543 5064 971 5166 lenum5quae
986 5065 1068 5137 ab
1082 5066 1434 5138 Aristotele
1462 5091 1603 5136 non
1629 5065 1912 5136 omnino
1936 5065 2243 5163 explicata
2272 5065 2454 5147 sunt,
2473 5065 2647 5136 testis
2675 5069 2871 5135 etiam
2901 5071 2992 5135 est
3023 5065 3403 5158 Auerrhoys
3428 5064 3868 5144 secundocol-

542 5160 996 5240 lestaneorum
1009 5190 1144 5260 cap.
1163 5190 1237 5251 19
1247 5216 1264 5234 .
1279 5164 1596 5235 hactenus
1610 5160 1856 5235 fuimus
1870 5167 2121 5263 euagati
2133 5167 2203 5233 in
2218 5162 2345 5261 ipsa
2357 5160 2606 5261 spiritus
2620 5166 2983 5236 nutritione
3000 5160 3396 5236 declaranda.
3418 5165 3620 5237 Nunc
3634 5169 3714 5238 ad
3732 5171 3873 5239 Au·

549 5263 804 5335 &orem
817 5261 1376 5357 interpretandum
1391 5250 1801 5333 redeundum
1823 5260 1943 5331 est.
2031 5271 2059 5293 ”
2104 5331 2109 5336 .

570 5629 573 5634 ‚
807 5501 1012 5614 Hae)
1053 5503 1130 5599 h*
1178 5501 1526 5607 αἷοιπνοῧς
1560 5578 1587 5614 ‚
1640 5520 1708 5599 οἱ
1751 5500 1887 5617 ,αλδ
1928 5502 2008 5597 οὗ
2056 5499 2347 5630 λίμναι
2401 5500 2590 5609 τινὲς
2622 5501 2854 5637 >jem
2881 5578 2917 5620 ,
2973 5498 3184 5601 αἷλλοῖ
3236 5498 3435 5622 μα’νον
3482 5496 3546 5604 ἓν
3594 5504 3871 5625 ‘rey‘mv'

568 5646 814 5767 γ’νεπις
854 5720 884 5762 ,
950 5644 1299 5769 κιθυίῶ
1363 5645 1852 5757 Εμπιᾶὶκλῧς
1904 5639 2023 5759 καὶ
2065 5640 2556 5764 Amineam.
2621 5737 2627 5746 ,
2716 5662 2784 5738 οἱ
2841 5634 2917 5739 Si
2968 5642 3146 5740 6228}
3206 5641 3305 5740 ὃν
3338 5646 3611 5765 τρέπων
3655 5648 3875 5747 acb-²775

553 5781 911 5914 λε’)Βυσιν.
1067 5785 1226 5885 XM'
1291 5780 1388 5887 ὦς
1420 5783 1707 5911 φανερῷ
1732 5783 2078 5925 λῖςόντᾱὶ.
2234 5783 2450 5880 ἢῖᾶἶ
2483 5859 2507 5897 ,
2558 5781 2680 5897 καὶ
2723 5796 2779 5879 εἶ
2829 5781 3329 5905 κριταψόξεως
3372 5785 3633 5916 χαγριν
3666 5860 3693 5900 ,
3732 5799 3868 5879 ‹2⁸0-

551 5925 623 6026 3
659 5930 891 6024 τοῦτο
924 5925 1473 6059 Qua-<phem
1631 5932 1685 6016 εἰ
1735 5917 2013 6053 W&
2046 5922 2179 6025 π’ἷς
2210 5918 2460 6028 Aah
2492 5919 2756 6054 θερμόν.
2784 5995 2809 6032 ,
2864 5932 3015 6023 Οὲκ
3046 5923 3132 6020 du*
3164 5926 3279 6021 ’ἔτι
3330 5943 3396 6018 οἱ
3425 5935 3635 6032 adm
3672 5920 3743 6016 ’ὃ
3775 5929 3867 6021 Σὲ

554 6062 926 6184 άύμψυῧν
956 6064 1268 6172 ’Μ’Ᾱῖκφ
1304 6138 1325 6173 2
1360 6061 1448 6156 ‘st’
1483 6058 1704 6168 ἔλθ’),
1743 6057 1863 6177 ’td-l
1900 6057 2143 6200 >³23³le
2173 6053 2331 6160 λπῖ
2367 6055 3228 6180 Ἶῧπνόυρωνος,ὣκεῗὲἔ
3260 6059 3378 6176 καὶ
3416 6059 3507 6153 πὶ
3539 6063 3661 6163 τῖς
3697 6063 3870 6163 «Ja-

551 6206 763 6311 πνοῖς
823 6217 917 6312 0ἷί
971 6205 1217 6313 'mmm
1277 6203 1794 6339 ἓζθιδῖἓοοθη
1846 6198 2053 6313 aas&
2126 6199 2524 6340 πωέχειω
2603 6273 2633 6320 ,
2716 6198 2907 6306 ὅςτί
2949 6204 3180 6301 τοῦτο
3231 6205 3535 6301 &maim
3585 6202 3683 6306 ὦς
3744 6197 3872 6300 οίῖκ

554 6354 720 6447 fflr.
2228 6396 2235 6402 ·

2926 6584 3228 6702 <334

3327 6682 3370 6716 V
