4706 7287
3423 176 3456 197 Ὅ

1348 292 1501 377 IN
1615 291 2170 379 mauvia
2275 292 2484 376 ωεἶ
2560 244 3163 378 smmi-v.
3473 232 3490 253 ⁸
3740 305 3872 399 ³63

512 430 936 510 Aristotelicis
952 458 1094 513 non
1106 431 1433 518 conferre,
1451 437 1720 533 quando
1738 412 1816 510 es
1829 436 1961 507 hoc
1977 432 2130 507 loco
2146 438 2399 533 optima
2412 436 2606 508 huius
2620 433 3071 532 disputationis
3085 435 3210 508 sese
3226 434 3475 521 obtulit
3491 432 3767 514 occasio.
3800 462 3872 509 ac

506 538 795 637 primum
806 538 901 605 vis
917 531 1027 604 illa
1039 535 1255 605 cordis
1288 538 1533 611 ιφυκπκιὶ
1550 531 1684 604 fiue
1744 530 2040 603 ulsatoria
2055 557 2196 603 non
2210 555 2481 632 propter
2493 530 2698 602 finem
2712 530 2999 630 aliquem
3014 537 3121 605 vid
3129 558 3272 605 etur
3297 534 3593 604 instituta
3617 533 3837 606 Aristo
3853 572 3874 587 ·

516 630 770 713 teli,sed
784 656 870 700 ex
894 625 1267 701 necestitate
1293 626 1434 699 fieri
1458 633 1613 700 intri
1688 656 1809 701 cco
1836 627 1951 701 illo
1974 640 2128 729 ‘igne
2157 632 2357 702 austo
2371 628 2458 701 ab
2469 630 2750 704 humido
2765 629 3107 702 alimento.
3157 630 3592 728 quamobrem
3607 655 3733 701 nec
3757 628 3873 701 ali-

503 730 687 801 unde
702 725 842 798 fieri
854 778 877 809 ,
906 723 1023 797 nisi
1041 727 1079 797 ὲ
1095 730 1434 799 nutriente
1464 722 1773 801 facultate
1789 779 1811 809 ,
1828 751 1974 825 quae
1996 748 2070 797 in
2082 729 2283 798 corde
2299 724 2558 799 refidet.
2601 726 2773 798 hanc
2788 724 3173 798 sententiam
3192 724 3617 800 confutandis
3634 726 3873 800 Galerii

501 823 867 901 rationibus
883 846 1159 895 conatus
1177 823 1270 894 est
1285 821 1680 894 confirmare
1694 824 2075 917 Auerrhoy's
2089 827 2158 893 in
2173 825 2443 893 tertium
2459 821 2704 915 librum
2719 823 2804 894 de
2818 822 3109 922 partibvs
3128 823 3532 897 Animaliurn
3552 877 3572 908 ,
3588 828 3773 896 cuius
3799 828 3874 894 in

507 921 840 994 Galerium
855 934 1240 1021 argumenta
1250 912 1646 992 discutienda
1661 920 1807 991 suut
1819 918 1953 990 hoc
1966 924 2038 991 iu
2053 918 2230 991 loco.
2279 924 2566 1019 primum
2580 918 2926 992 absurdum
2937 920 3268 993 existimat
3280 947 3515 1021 praeter
3529 919 3873 993 facultates

501 1017 640 1091 illas
657 1021 888 1089 anima
902 1020 1334 1099 nutrientem,
1351 1014 1712 1088 sensibilem
1730 1070 1750 1099 ,
1781 1039 1845 1088 at
1872 1032 1873 1035 ’
1896 1036 1981 1088 ue
1997 1022 2344 1088 morricem
2364 1016 2552 1088 aliam
2581 1009 2708 1089 effe
2724 1016 2807 1090 ab
2822 1017 3254 1092 hisdiuersam
3272 1070 3294 1102 ,
3312 1018 3445 1091 hoc
3462 1019 3556 1091 est
3581 1017 3870 1091 vitalem.

504 1110 841 1189 Namfifit
873 1110 1140 1187 facultas
1159 1165 1180 1195 ,
1197 1116 1613 1186 &achonem
1638 1111 1787 1186 fore
1806 1164 1827 1195 ,
1915 1116 1962 1184 ·d
1989 1138 2133 1184 non
2148 1104 2275 1184 effe
2299 1116 2853 1214 afflonem3igitur
2960 1136 2964 1145 ’
3010 1141 3094 1199 ue
3117 1111 3523 1188 facultatem.
3588 1139 3730 1187 non
3747 1110 3876 1186 effe

507 1237 733 1285 antem
745 1214 1078 1283 astionem
1091 1262 1113 1293 ,
1138 1206 1186 1282 si
1199 1214 1468 1310 quidem
1495 1234 1726 1310 praeter
1755 1207 2860 1293 nutritionemssensum&mo‘tum,
2876 1236 2921 1282 n
3137 1210 3328 1283 aliam
3342 1216 3416 1283 in
3432 1210 3872 1308 animali-acti·

508 1334 716 1383 onem
730 1310 851 1379 edi.
896 1306 1175 1379 alterum
1202 1331 1662 1407 argumentum
1681 1308 1789 1390 est,
1819 1308 2004 1405 quod
2031 1326 2305 1378 vocatur
2396 1310 2524 1380 aece
2539 1306 2977 1395 amalum.
3237 1385 3242 1390 ,

585 1474 593 1491 ,
755 1407 936 1475 Nam
964 1429 1038 1476 vt
1072 1407 1471 1477 'concedatur
1499 1403 1814 1479 diuersam
1831 1408 2163 1481 atticum
2199 1399 2326 1476 effe
2441 1410 2758 1478 utritione
2819 1442 2844 1491 ·,
2911 1424 3105 1480 motu
3131 1414 3203 1480 &
3217 1404 3399 1483 sensu
3453 1457 3477 1492 ,
3545 1415 3770 1479 tamen
3786 1402 3868 1477 ad
3887 1454 3898 1467 -

510 1524 776 1574 motum
814 1498 1163 1587 necessario
1205 1498 1433 1573 referri
1480 1554 1503 1585 ,
1547 1527 1698 1574 cum
1738 1509 1807 1573 δι
1854 1496 1986 1601 ipsa
2029 1503 2241 1574 cordis
2266 1428 2544 1601 palatio
2570 1522 2795 1575 motus
2821 1500 2921 1575 fit.
3023 1531 3243 1603 nequo
3255 1508 3618 1604 quidquam
3633 1501 3873 1588 facere,

509 1598 721 1697 liquis
748 1602 919 1672 dicat
944 1609 1208 1670 motum
1236 1598 1449 1670 cordis
1463 1608 1606 1671 non
1640 1594 1766 1670 effe
1807 1598 2297 1699 vrssmtarium:
2327 1596 2507 1670 Nam
2529 1606 2603 1671 &
2630 1599 2789 1672 alios
2804 1599 2928 1672 effe
2988 1625 3213 1674 motus
3243 1628 3385 1674 non
3419 1601 3869 1684 VoluntarioS,

515 1697 756 1796 quibus
770 1702 1064 1775 nutriens
1075 1694 1340 1775 facultas
1357 1699 1583 1780 vritur,
1598 1704 1670 1769 δε
1686 1703 1908 1767 tamen
1925 1696 1961 1766 a
1984 1692 2232 1768 diuersa
2260 1701 2509 1767 virtute
2523 1722 2665 1768 non
2688 1695 3036 1795 proficisci3
3064 1690 3188 1770 effe
3219 1708 3442 1781 autem
3466 1698 3614 1770 illos
3647 1699 3872 1768 tracsti-

511 1819 718 1892 oriem
748 1792 1040 1866 alimenti
1053 1796 1698 1891 lrete‘u'tionemque,
1741 1801 1813 1864 δε
1837 1795 2284 1865 excretionem
2308 1792 2634 1892 superflui.
2687 1790 2858 1866 obiri
2875 1803 3031 1865 ver'o
3060 1797 3523 1867 motiones-has
3548 1820 3664 1893 per
3678 1793 3874 1866 fibras

513 1891 770 1989 longas,
783 1887 1179 1972 transuersis,
1193 1888 1514 1989 obliquast
1556 1896 1695 1978 *ia'm
1708 1914 1870 1961 vero
1887 1889 2079 1963 fibras
2098 1891 2551 1961 etiamhabere
2578 1914 2693 1962 cor
2709 1943 2730 1974 ,
2806 1890 2996 1963 uibus
3013 1898 3216 1963 vritur
3245 1892 3578 1982 vitalisilla
3604 1890 3876 1962 facultas

515 1994 745 2060 ineius
770 1986 1153 2060 dilatatione
1183 1993 1255 2057 δι.
1282 1978 1772 2071 constrictione.
1825 1996 1939 2058 cur
1952 1992 2155 2087 igitur
2178 1996 2443 2058 motum
2469 1988 2705 2085 huncp
2802 1986 3038 2059 ationis
3055 2015 3195 2060 non
3211 1989 3435 2059 referri
3452 1994 3530 2061 ad
3558 1995 3873 2059 nutritio·

514 2100 714 2157 nem?
762 2086 1038 2155 eandem
1056 2088 1239 2155 enim
1255 2078 1860 2182 effep'robationem
1901 2085 2243 2156 tractionis
2267 2092 2340 2155 &
2380 2074 3031 2183 expulsionis,⁸qu6d
3070 2089 3151 2156 ad
3182 2089 3517 2157 nutriendi
3542 2090 3675 2157 vim
3701 2081 3872 2155 refe·

510 2205 744 2257 rantur
763 2213 789 2268 ς
811 2204 1205 2279 atqueeam,
1230 2200 1360 2280 qua
1384 2179 1622 2279 probat
1653 2180 1942 2265 Galenus
1955 2180 2349 2252 dilatationis
2366 2233 2388 2264 ,
2404 2196 2534 2279 qua
2549 2183 2772 2264 trahit,
2806 2182 3431 2281 compresfionisque
3456 2235 3477 2267 ,
3508 2209 3637 2281 qua
3652 2180 3876 2281 expel-

515 2276 871 2362 lit‚motus,
887 2281 966 2350 ad
987 2277 1247 2351 vitalem
1261 2275 1637 2351 facultatem
1652 2280 2246 2377 pertinere.deinde
2260 2274 2522 2350 vitalem
2538 2279 2870 2351 atilionem
2887 2304 2964 2350 ex
2983 2279 3214 2351 Galeni
3232 2276 3550 2351 sententia
3567 2288 3874 2352 commu÷

510 2401 671 2448 nem
687 2366 844 2447 effe:
863 2374 949 2446 ab
962 2374 1069 2446 illa
1083 2379 1269 2447 enim
1288 2373 1599 2459 calorem,
1617 2372 1689 2447 δε
1703 2372 1992 2472 spiritum
2006 2377 2085 2445 ad
2099 2372 2400 2447 membra
2409 2375 2701 2449 animalis
2725 2375 3007 2447 influere
3027 2402 3043 2446 ε
3071 2379 3171 2448 his
3200 2388 3417 2448 a'ut‘em
3434 2382 3873 2449 nutritionem

516 2467 717 2555 effici,
730 2496 950 2570 neque
962 2478 1095 2546 vim
1112 2483 1548 2544 communem
1578 2468 1703 2543 effe
1718 2472 1906 2542 aliam
1923 2524 1945 2555 ,
1963 2471 2165 2570 quam
2189 2477 2614 2545 nutritiuam:
2641 2478 2662 2544 i
2714 2478 2839 2544 'tur
2864 2480 2934 2545 &
2950 2473 3213 2545 vitalem
3237 2479 3621 2546 nutritiuam
3640 2469 3788 2556 esse,
3805 2499 3877 2542 e·

512 2575 986 2643 minentior-em
1002 2590 1221 2640 autem
1236 2570 1302 2637 in
1320 2571 1542 2657 corde,
1558 2569 1744 2666 quod
1757 2568 1918 2640 illud
1987 2575 2240 2670 rinceps
2256 2569 2630 2641 membrum
2651 2499 2761 2653 g,
2780 2575 2849 2639 in
2868 2583 3092 2668 eoque
3114 2576 3540 2670 praerogatiua
3570 2572 3873 2669 quaedam

515 2668 795 2741 actionis
810 2675 883 2738 ὅ(
895 2663 1216 2747 facultatis
1229 2663 1353 2736 effe
1368 2663 1627 2737 debeat.
1659 2666 1995 2763 postremo
2009 2664 2054 2736 fi
2068 2672 2137 2737 in
2145 2673 2286 2764 quit
2348 2690 2537 2738 raeter
2553 2656 3013 2750 nut‘ritio‘nem,
3034 2692 3295 2738 motum
3313 2721 3332 2751 ,
3351 2676 3420 2738 &
3433 2664 3679 2738 seniu‘m
3697 2666 3819 2738 alia
3833 2671 3871 2737 a

518 2765 721 2838 corde
744 2762 1055 2835 membris
1083 2767 1173 2833 im
1224 2767 1523 2834 ertioetur
1551 2760 1858 2847 facultas,
1883 2759 2235 2836 neceflario
2255 2790 2291 2835 e
2343 2759 2411 2835 'et
2436 2769 2506 2833 in
2516 2762 2830 2834 membris
2859 2762 3105 2853 diuersa
3117 2766 3415 2860 quaedam
3429 2762 3511 2835 ab
3525 2767 3627 2836 his
3656 2767 3872 2849 actim

516 2856 663 2960 qua·
675 2886 825 2932 cum
837 2859 1018 2932 nulla
1033 2856 1136 2941 fit,
1161 2789 1454 2958 AEquitur
1468 2864 1539 2931 in
1554 2859 1754 2931 corde
1768 2859 2016 2931 nullam
2033 2858 2222 2930 aliam
2239 2857 2619 2932 facultatem
2636 2853 2760 2930 effe
2777 2882 3007 2950 praeter
3019 2856 3159 2944 has,
3176 2854 3444 2930 vitalem
3463 2867 3682 2931 'aute'm
3700 2861 3781 2930 ad
3794 2860 3874 2930 il-

513 2954 866 3035 lasreferri.
910 2960 1090 3029 Nam
1107 2980 1429 3055 quatenus
1443 2951 1694 3056 spiritus
1722 2958 1757 3027 a
1782 2959 1982 3030 'corde
1997 2950 2111 3027 infl
2122 2977 2282 3029 uens
2309 2960 2692 3029 coctionem
2707 2947 2973 3027 adiuuat
2989 3006 3010 3039 ,
3029 2959 3110 3027 ad
3128 2959 3565 3033 nutritionem
3581 2955 3877 3028 referen-

516 3060 668 3127 dam
690 3107 706 3123 .
739 3077 1063 3153 quatenus
1089 3051 1342 3126 sensum
1367 3056 1631 3125 adiuuat
1657 3054 1737 3125 ad
1764 3048 2129 3131 senfitiuam
2167 3050 2548 3127 facultatem
2578 3081 2595 3122 z
2629 3063 2953 3150 quatenus
2967 3057 3182 3123 motui
3197 3054 3537 3124 auxiliatur
3548 3057 3627 3123 ad
3643 3058 3883 3124 ‘moeri-

502 3178 686 3225 -eem,
718 3178 863 3251 quae
881 3150 1031 3225 cum
1044 3156 1134 3223 ita
1146 3148 1439 3241 liutmun
1470 3144 1595 3223 'else
1622 3156 1692 3222 in
1717 3153 1914 3222 'corde
1930 3156 2062 3221 vim
2094 3147 2442 3247 separatam
2459 3201 2480 3233 ,
2509 3147 2616 3220 sed
2629 3155 2796 3221 vires
2810 3147 2960 3232 illas,
2975 3154 3044 3220 δε
3058 3142 3398 3222 facultates
3414 3174 3651 3223 omnes
3664 3157 3734 3220 in
3760 3148 3876 3221 illo

519 3244 651 3324 effe
660 3248 899 3347 politas
913 3301 933 3332 ,
964 3247 1002 3320 a
1080 3275 1170 3320 uo
1185 3255 1257 3320 δὲ
1272 3244 1622 3330 sentiendi,
1640 3254 1712 3319 δε
1726 3249 2045 3320 mouendi
2063 3282 2085 3330 ·,
2100 3253 2171 3318 &
2185 3249 2521 3319 nutriendi
2550 3250 2651 3318 vis
2671 3244 2982 3318 membris
2994 3245 3305 3318 omnibus
3321 3252 3870 3320 communicetur.

511 3348 655 3425 hate
669 3345 776 3417 ille
789 3369 989 3443 atque
1008 3274 1127 3416 alia
1143 3338 1428 3417 eiusdem
1442 3339 1861 3417 sentenriaiin
1876 3341 2162 3425 secundo
2174 3342 2346 3415 libro
2364 3342 2924 3416 collectane'orum
2951 3370 2968 3411 ε
2987 3347 3091 3416 cui
3103 3342 3264 3415 illud
3291 3349 3576 3443 primum
3605 3343 3718 3416 res
3745 3367 3873 3415 on·-

514 3442 658 3517 firm
690 3443 891 3523 volo,
928 3443 1349 3514 Aristotelem
1378 3467 1522 3514 non
1547 3433 1926 3541 c'og'uouifle
1951 3438 2159 3512 finem
2176 3437 2478 3525 ,acvsum
2493 3458 2718 3512 motus
2744 3443 2956 3512 cordis
2973 3447 3045 3511 δε
3069 3446 3468 3524 arteriarum,
3485 3427 3688 3542 'quipp
3756 3444 3874 3539 qui

507 3565 667 3614 *non
678 3542 903 3631 docuit
916 3545 1209 3631 innatam
1230 3535 1353 3612 esse
1371 3542 1553 3612 cordi
1566 3537 1944 3623 facultatem
1974 3540 2142 3609 hanc
2156 3589 2178 3622 ,
2194 3536 2277 3608 ab
2293 3536 2547 3632 illoque
2571 3541 2815 3623 arteriis
2827 3539 3257 3637 impertitam;
3287 3530 3390 3610 sed
3407 3554 3486 3610 ex
3502 3536 3877 3612 necestitate

514 3633 788 3739 propter
807 3636 1035 3712 caloris
1068 3634 1405 3710 feruorem
1436 3637 1675 3709 eleuari
1691 3662 1805 3709 cor
1836 3637 2138 3724 tradidit,
2167 3636 2484 3707 eiusvero
2502 3634 2947 3729 eleuationem
2963 3687 2986 3720 ,
3016 3632 3339 3735 simulque
3353 3634 3686 3735 pulmonis
3710 3639 3872 3707 'aeris

513 3733 867 3834 ingressum
883 3737 1216 3832 consequi.
1316 3736 1497 3806 Nam
1512 3731 1556 3804 fi
1574 3727 1987 3834 cognouiffet
2002 3730 2325 3805 facultatis
2348 3735 2544 3804 huius
2558 3743 2576 3749 ”
2605 3728 2986 3825 ἰ-ςίὶαοὲίειω
3001 3790 3017 3814 ,
3029 3758 3249 3832 neque
3266 3732 3524 3805 silentio
3539 3729 3875 3834 praeteriif·

514 3833 633 3914 set,
655 3857 872 3929 neque
902 3833 1243 3910 eomodo,
1266 3858 1405 3928 quo
1434 3829 1649 3902 censet
1673 3832 2095 3925 Auerrhoys,
2121 3826 2386 3902 fortaffis-
2413 3758 2615 3902 deul}
2642 3819 3067 3902 existimasset.
3105 3832 3350 3902 deinde
3364 3828 3612 3922 etiamsi
3639 3832 3872 3915 demus

516 3928 791 4010 vitalem
818 3925 1196 3999 facultatem
1226 3933 1660 3999 nutritionem
1688 3931 1995 4012 adiuuare
2011 3979 2033 4012 ,
2066 3951 2210 3998 non
2237 3929 2393 3999 ideo
2417 3936 2640 3999 tamen
2667 3919 3046 3998 facultatem
3073 3925 3243 4001 lunc
3269 3925 3622 4026 separatam-
3649 3928 3869 4027 negari

518 4028 701 4110 cordi
717 4049 1050 4125 oportere.
1070 4078 1078 4090 .
1151 4017 1221 4097 N
1226 4036 1330 4095 am
1347 4022 1816 4097 cum-membra
1829 4021 2322 4096 omniainfiram
2340 4022 2626 4095 habeant
2657 4028 2795 4093 vim
2810 4018 2982 4094 illam
2999 4075 3021 4108 ,
3038 4045 3169 4122 qua
3184 4022 3300 4095 fibi
3313 4024 3699 4096 alimentum
3722 4023 3872 4097 assi-

517 4123 775 4216 milant,
791 4121 924 4194 siue
943 4122 978 4194 a
1001 4119 1218 4194 iecore
1232 4173 1254 4203 ‚
1273 4121 1409 4193 siue
1423 4117 1460 4192 ὃ,
1478 4120 1677 4204 corde
1687 4144 2106 4222 propagatam
2121 4147 2138 4190 ε
2155 4119 2418 4193 &cordis
2436 4118 2743 4192 facultate
2759 4116 2879 4192 hac
2891 4170 2913 4204 ,
2932 4147 3132 4219 quam
3155 4120 3416 4194 vitalem
3430 4119 3621 4192 libuit
3647 4117 3871 4219 appel-

516 4221 647 4296 lare
661 4222 951 4303 medicis,
969 4245 1083 4317 per
1095 4219 1385 4318 spiritum
1396 4222 1698 4292 innatum
1715 4215 2060 4301 fouenrur,
2072 4225 2147 4289 δε
2163 4222 2233 4288 in
2246 4213 2472 4289 officio
2485 4219 2608 4289 rite
2627 4229 2635 4240 ’
2670 4238 3031 4291 ermanent.
3053 4235 3274 4317 neque
3287 4229 3633 4317 propterea
3645 4221 3870 4294 dicen·

516 4322 680 4402 dum
701 4318 818 4400 est,
832 4317 1149 4388 vimhanc
1163 4320 1481 4387 nutrienti
1495 4311 1787 4392 facultati
1806 4312 2144 4398 inseruire,
2158 4319 2319 4411 quin
2332 4322 2554 4414 potius
2570 4241 2684 4397 ilfi,
2701 4338 2772 4384 vt
2786 4311 3080 4388 inferiori
3093 4326 3292 4416 opem
3317 4312 3489 4386 ferre
3502 4372 3516 4397 ‚
3545 4319 3871 4413 quatenus

518 4441 636 4516 per
649 4412 936 4513 spiritum
951 4413 1345 4488 influentem
1361 4412 1642 4484 calorem
1658 4415 2104 4484 communicat
2119 4416 2389 4509 vimque
2399 4410 2856 4482 membrorum
2872 4410 3134 4483 adiuuat
3164 4415 3234 4481 in
3251 4416 3618 4483 nutritione
3647 4437 3664 4480 ε
3690 4420 3763 4495 βε
3776 4436 3876 4485 ta·

518 4537 679 4586 meu
698 4536 837 4582 non
852 4513 920 4579 id
948 4507 1157 4580 solum
1169 4507 1381 4581 facere
1395 4560 1416 4592 ,
1447 4508 1553 4580 sed
1570 4510 1952 4581 dilatatione
1969 4517 2041 4586 &
2065 4510 2560 4591 constrictione,
2576 4533 2721 4606 quae
2736 4507 2803 4577 in
2823 4509 3023 4579 corde
3037 4560 3058 4590 ‚
3075 4513 3227 4578 &iri
3245 4514 3487 4580 arteriis
3508 4509 3600 4579 est
3616 4560 3638 4593 ,
3667 4517 3741 4580 &
3758 4509 3875 4580 ali-

516 4630 825 4688 mentum
840 4605 1092 4704 spiritus
1108 4606 1388 4685 trahere,
1406 4612 1476 4673 &
1491 4603 1867 4702 refrigerare
1895 4604 2214 4675 calorem:
2240 4619 2552 4699 preterea
2572 4604 2735 4673 vero
2762 4600 3058 4673 fumidos
3084 4593 3320 4694 halitus
3335 4605 3686 4700 expellere,
3718 4614 3791 4676 δε
3804 4632 3875 4675 a·

521 4708 855 4784 mandate.
876 4725 999 4774 nec
1012 4702 1208 4774 video
1226 4701 1386 4798 quid
1402 4698 1644 4796 pollint
1663 4703 1801 4769 eius
1813 4721 2219 4797 argumenta,
2238 4715 2386 4793 quae
2401 4720 2633 4767 contra
2645 4697 3276 4790 Galerium-studiose
3306 4698 3642 4798 congessit.
3739 4706 3875 4801 pri·

520 4794 1714 4896 mumonim,inquoconsequentisn
1796 4800 2220 4891 ationeputat
2232 4789 2807 4960 collegiiseaptaeter
2818 4798 3222 4865 nutrientem
3253 4792 3877 4880 facultatem5senfi-

522 4899 728 4978 bilem
747 4922 946 4996 atque
962 4899 1334 4976 morricem,
1350 4891 1537 4963 aliam
1553 4916 1694 4963 non
1710 4820 1833 4963 ξέἒ
1862 4917 1879 4958 :
1906 4914 2059 4962 nam
2075 4911 2296 4987 neque
2321 4887 2519 4961 vllam
2601 4895 2722 4960 'arn
2753 4893 3086 4962 actionem
3104 4890 3264 4963 elle:
3293 4897 3575 4992 primum
3597 4899 3663 4963 in
3718 4917 3871 4965 uam

518 4998 683 5076 illud
697 4992 855 5066 falso
872 5016 1104 5093 negat,
1136 4999 1204 5064 δε
1221 4989 1390 5061 male
1421 4979 1686 5088 colligit.
1726 4989 1819 5059 est
1849 4992 2030 5059 enim
2060 4994 2131 5057 in
2159 4986 2474 5059 membris
2548 5010 2617 5058 er
2633 4992 2892 5058 arterias
2904 4987 3111 5060 vitalis
3127 4992 3325 5071 aelio,
3404 4921 3872 5064 uae&infitum

510 5095 809 5171 ‘calorem
836 5087 1027 5163 fouet
1041 5143 1067 5173 ,
1084 5097 1156 5161 &
1173 5085 1462 5187 spiritum
1477 5086 1587 5157 alit
1606 5137 1627 5168 ,
1641 5086 1916 5156 restituit
1944 5091 2019 5156 δε
2079 5103 2285 5184 urgat.
2325 5087 2540 5156 modo
2557 5082 2717 5154 vero
2734 5075 2780 5155 fi
2808 5087 2983 5155 actio
3000 5085 3094 5155 est
3105 5136 3126 5168 ,
3146 5082 3378 5157 &facu
3409 5109 3501 5157 tas
3518 5092 3661 5171 erit,
3681 5090 3868 5184 quod

523 5186 1020 5294 pertinaciffime
1038 5210 1234 5287 negat
1246 5184 1377 5257 ille.
1403 5183 1603 5255 altera
1617 5187 1784 5253 ratio
1799 5204 1980 5280 vrget
1995 5111 2102 5252 illa
2118 5179 2526 5280 quidem,sed
2541 5205 2685 5251 non
2700 5181 2969 5254 destruit
2985 5181 3218 5253 Galeni
3233 5180 3639 5255 sententiam.
3697 5188 3879 5257 Nam

528 5315 602 5368 vt
618 5287 1015 5361 concedatur
1025 5289 1215 5355 motii
1230 5280 1355 5353 effe
1368 5280 1835 5363 dilatationem,
1850 5288 1918 5351 &
1935 5304 2086 5351 com
2131 5276 2482 5350 restionem
2501 5281 2932 5377 cordis,quod
2949 5283 3335 5378 neutiquam
3355 5283 3732 5379 negandum
3757 5285 3877 5368 est,

526 5412 672 5462 non
686 5386 840 5454 ideo
855 5403 1078 5452 tamen
1097 5381 1179 5452 ad
1202 5401 1592 5450 mouentem
1606 5371 1984 5450 facultatem
2000 5305 2343 5447 referetur..
2362 5381 2459 5449 vis
2473 5381 2650 5447 enim
2664 5374 2770 5446 illa
2788 5375 3127 5449 voluntate
3142 5421 3165 5460 ,
3183 5377 3580 5475 delcetuque
3605 5403 3841 5452 mouet
3858 5407 3894 5451 :—

527 5482 716 5590 quod
727 5479 914 5554 caute
929 5478 1390 5548 animaduertit
1415 5475 1795 5568 Auerrhoys
1825 5500 1842 5542 ε
1868 5499 2089 5571 neque
2105 5475 2304 5544 etiam
2328 5474 2412 5545 ad
2429 5478 2836 5545 nutrientem
2853 5527 2871 5554 ‚
2891 5497 2975 5544 eo
2992 5473 3200 5546 modo
3213 5526 3237 5559 ,
3253 5493 3392 5572 quo
3408 5479 3746 5548 trastionis
3765 5502 3876 5547 ex-

527 5577 974 5684 pulsionisque
987 5595 1211 5644 motus
1230 5576 1543 5644 nutrienti
1558 5567 1850 5642 facultati
1865 5565 2246 5652 inseramur,
2263 5569 2355 5640 illi
2406 5596 2489 5642 ue
2502 5570 2744 5641 merito
2760 5568 3158 5643 tribuuntur.
3206 5574 3386 5643 Nam
3401 5569 3470 5642 hi
3485 5596 3709 5648 motus
3726 5627 3746 5658 ‚
3777 5571 3877 5645 fa·

529 5671 929 5758 cultatesque
969 5670 1235 5764 illorum
1278 5674 1628 5740 nutrientis
1671 5666 1995 5739 facultatis
2030 5665 2335 5738 ministrae
2401 5687 2523 5738 unt
2566 5694 2583 5736 ε
2628 5686 2845 5765 neque
2872 5668 3091 5766 potest
3128 5667 3263 5740 siue
3289 5669 3390 5741 his
3417 5670 3872 5741 membrorum

528 5775 672 5851 fieri
688 5774 978 5842 nutritio.
1075 5790 1301 5840 motus
1313 5768 1524 5857 cordis
1539 5763 1798 5836 tantum
1816 5764 2022 5846 abest,
2052 5787 2124 5835 vt
2138 5761 2415 5836 ministri
2443 5762 2584 5846 sint,
2610 5787 2682 5835 vt
2696 5789 2892 5862 opem
2921 5762 3140 5836 ferant
3155 5819 3172 5849 ,
3192 5786 3332 5860 nori
3350 5767 3664 5863 tanquam
3681 5771 3878 5836 mini-

537 5874 682 5952 stri,
708 5867 823 5940 sed
853 5865 1169 5963 tanquam
1197 5866 1475 5936 domini.
1573 5859 1798 5960 neque
1826 5861 1863 5934 ὲ
1887 5860 2067 5932 fibris
2099 5881 2564 5961 argumentum
2583 5858 2982 5931 sumendum
3020 5864 3113 5933 est
3154 5889 3172 5931 ι
3231 5860 3409 5934 Nam
3450 5862 3697 5933 etiamsi
3728 5881 3896 5935 cord·

534 5972 631 6043 dis
662 5959 875 6038 vitalis
903 5962 1008 6032 illa
1037 5965 1212 6034 aetio
1253 5979 1367 6058 per
1390 5958 1583 6031 fibras
1612 5959 1890 6031 obeatur
1910 6014 1930 6043 ,
1970 5983 2112 6030 non
2139 5982 2364 6029 tamen
2392 5958 2766 6056 vbicunque
2792 5956 2974 6029 fibra·
2996 5956 3178 6047 sunt,
3219 5961 3337 6032 alia
3368 5985 3508 6031 non
3536 5962 3630 6031 est
3658 5964 3833 6032 aditio
3850 6015 3873 6049 ,

447 6093 452 6102 ·
545 6065 746 6168 quam
763 6064 1134 6133 nutntotia.

736 6156 927 6233 Valet
944 6162 1122 6238 enim
1137 6177 1327 6237 ratio,
1342 6154 1452 6226 vbi
1469 6155 1746 6226 nutritio
1759 6152 1874 6237 est,
1893 6145 2085 6225 fibras
2103 6171 2371 6250 oportet
2393 6141 2541 6233 esse,
2559 6150 2799 6249 quibus
2817 6151 3174 6225 attrahatur
3185 6155 3736 6252 contineaturque
3766 6154 3883 6227 ali-

538 6274 1357 6336 mentum,recrementum
1373 6250 1950 6324 vero-excernatur:
1966 6275 2105 6330 non
2122 6251 2156 6320 ὲ
2175 6251 2527 6320 contrario.
2625 6252 2802 6320 Nam
2818 6254 2887 6322 δι
2901 6257 2970 6321 in
2999 6253 3210 6323 cordis
3225 6249 3517 6322 motibus
3531 6248 3890 6327 neceffariae

542 6355 720 6432 fibra:
736 6347 1057 6448 sunt.quae
1116 6353 1342 6447 ropria:
1355 6345 1810 6446 facultati,quae
1826 6345 2034 6420 vitalis
2061 6343 2909 6444 dicitur,inseruiunt.atque
2942 6350 3178 6417 tradiit>
3195 6397 3214 6428 ,
3232 6343 3656 6446 expulfioque
3672 6351 3900 6432 cordis·

543 6453 744 6528 alium
761 6376 1237 6529 liabentvfiim',
1256 6446 1455 6544 quam
1487 6448 1719 6518 tractio
1748 6444 2038 6515 alimenti
2067 6448 2526 6539 recrementiq3
2554 6442 2786 6542 pullio.
2814 6446 3008 6514 trahit
3023 6449 3200 6513 enim
3218 6468 3331 6512 cor
3344 6439 3746 6541 spiritum,&
3775 6476 3883 6521 ae·

528 6541 720 6630 rem,
737 6545 998 6640 expellit
1051 6540 1622 6642 uefuligines,quae
1636 6537 1983 6618 necessario
2001 6538 2613 6637 fiunt,eandemque
2643 6546 2774 6612 vim
2806 6543 2914 6609 dat
2942 6547 3185 6611 arteriis
3205 6593 3224 6622 ,
3257 6563 3327 6609 vt
3353 6541 3644 6615 vniuersa
3672 6570 3886 6617 mem-

545 6645 661 6727 bra
702 6698 724 6732 ‚
777 6653 847 6717 δε
884 6639 985 6713 fac
1060 6665 1191 6712 tare
1226 6691 1254 6724 ,
1295 6647 1368 6712 &
1415 6638 1679 6712 afflone
1721 6638 1842 6710 hac
1873 6642 2284 6742 participent.
2302 6640 2607 6754 Tertium
2650 6642 2848 6707 etiam
2886 6661 3350 6735 argumentum
3389 6637 3729 6713 infirmum
3761 6642 3878 6732 est,

2438 6769 2450 6805 ς
3040 6736 3306 6808 Hha
