4706 7287
994 199 1966 291 1NL113RvM
2085 198 2284 292 DE
2408 138 3428 301 LAP1D1Bvs.
3837 256 3926 337 ς,

536 344 537 349 ¹
606 350 791 453 quod
806 345 1073 454 gypsum
1087 358 1397 436 tenacius„
1452 356 1723 451 uodque
1737 379 1881 424 non
1909 353 1945 423 ὲ
1961 350 2171 451 lapide
2187 353 2787 452 fit,quemadrnodsi
2818 356 2976 441 calx,
2993 354 3100 432 sed
3116 386 3193 432 ex
3206 360 3333 432 alio
3351 361 3633 437 eiusdem
3666 390 3934 444 naturae.

604 478 826 550 neque
841 456 1016 522 enim
1032 448 1250 520 differt
1268 478 1350 550 gy
1422 477 1534 520 um
1550 453 1824 520 crudum
1839 450 1872 519 ὲ
1886 447 1946 519 se
1961 447 2096 547 ipso
2108 454 2845 549 vst0,quemadmodum
2869 455 3025 552 lapis
3041 483 3119 527 ex
3150 485 3288 556 quo
3308 457 3381 528 fit
3399 461 3532 533 calx
3550 463 3585 549 ὲ
3602 463 3770 535 calce
3787 465 3934 565 ipsa.

604 551 769 620 adde
787 553 1374 645 tenacitatem,quae
1392 548 1483 617 est
1496 552 1564 616 in
1584 545 1803 645 Gypso
1837 551 2031 616 etiarn
2047 552 2250 619 crudo
2269 574 2339 619 ac
2361 547 2649 645 lapidoso
2661 603 2684 633 ‚
2707 579 2851 649 quae
2864 577 3007 621 non
3040 556 3132 624 est
3148 560 3216 624 in
3233 554 3414 630 calcis
3427 559 3656 658 lapide.
3697 565 3939 652 ωἷειζρίφ

601 650 881 811 {amita
894 645 1454 741 restitui‚quod·ita
1464 643 1789 741 postulare
1803 641 2122 716 sententia
2134 645 2804 721 videatur.confitmat
2824 654 3126 722 autemid
3141 659 3210 722 &
3225 651 3701 755 sententiaque
3719 659 3934 731 statim

635 766 913 839 equitur.
2737 774 2740 779 ’

758 942 837 1033 Ψ
937 933 1308 1069 βρέχουσι
1330 934 1911 1077 ὃῖοὒὲᾳχςῖμα
1948 933 2171 1056 (σός
2203 936 2658 1080 τῖὦέςεῖω.
2684 938 2808 1051 ἔον)
2834 942 3095 1068 μικρρν
3127 894 3519 1071 ὤνιέϋγ
3550 957 3759 1086 7,χῦ
3789 951 3934 1059 ‘71²1'-

611 1122 843 1199 >amm
867 1073 970 1195 υ.)
992 1087 1141 1180 cix
1162 1076 1265 1185 ἕςι
1284 1081 1572 1221 ἐξελθεῖν
1592 1082 1869 1221 θωῧμᾳ.
2166 1126 2179 1133 ·

654 1392 677 1465 i
710 1270 1247 1471 Rriiadefaciunt
1261 1262 1491 1389 porro
1508 1276 1754 1361 statim
1771 1273 1869 1359 ad
1896 1275 2140 1360 vsum.
2174 1278 2225 1360 fi
2244 1278 2474 1391 paulo
2502 1305 2679 1363 ante
2706 1284 3050 1366 ceteliter
3074 1293 3273 1387 coit,
3301 1250 3559 1400 neque
3586 1291 3766 1373 licet
3793 1292 3943 1407 stag

618 1411 650 1479 ,t
681 1415 762 1470 m
834 1420 858 1469 1
890 1417 985 1499 pe
1017 1418 1211 1470 cere.

823 1600 1173 1673 Turnebus
1193 1624 1273 1672 an
1287 1599 1644 1675 lectionem
1655 1599 1980 1704 vulgatam
1991 1602 2229 1703 probet
2242 1602 2478 1677 nescio.
2506 1606 2701 1676 vertit
2715 1628 2934 1675 autem
2961 1614 3050 1679 ita
3075 1611 3502 1707 posteriorem
3528 1616 3926 1711 particulam.

605 1688 649 1765 fi
664 1695 859 1794 paulo
875 1720 1026 1768 ante
1043 1705 1280 1769 mirum
1296 1701 1477 1771 dictu
1495 1701 1586 1770 est
1600 1702 1799 1799 quam
1816 1701 2106 1772 celeriter
2120 1725 2462 1801 coeat,ego
2492 1701 2641 1801 lego
2656 1755 2676 1785 ,
2695 1703 2787 1789 m*
2813 1711 2903 1772 οὐκ
2920 1705 2991 1776 ’ἐπ
3018 1718 3200 1776 «θεων
3222 1708 3366 1793 ἅμα.
3398 1709 3607 1778 statim
3637 1717 3814 1781 enim
3828 1736 3927 1783 at·-

607 1819 736 1889 que
751 1818 1131 1867 concretum
1150 1793 1417 1894 gypsum
1436 1797 1526 1867 est
1543 1798 1707 1868 adeo
1726 1822 2038 1869 tenaciter
2054 1800 2457 1897 congelatur,
2475 1824 2544 1869 vt
2560 1822 2845 1896 nequeat
2870 1799 3124 1898 dispesci
3148 1826 3345 1901 atque
3373 1807 3831 1877 commistione
3859 1834 3928 1876 a-

603 1892 811 1987 gitari.
833 1891 1072 1963 Plinius
1083 1890 1252 1963 libro
1276 1904 1375 1977 36.
1395 1918 1527 1990 cap.
1548 1921 1583 1963 2
1597 1902 1629 1965 8
1640 1948 1658 1964 .
1676 1894 1894 1994 Gypso
1917 1897 2182 1965 madido
2200 1896 2412 1964 statim
2439 1899 2757 1967 vtendum
2773 1897 3210 1994 est,quoniam
3224 1898 3552 1974 celerrime
3568 1909 3798 1987 coit,ac
3808 1900 3929 1973 fic·-

608 2010 1033 2060 catur.tamen
1049 1985 1256 2061 rursus
1272 1993 1557 2072 tundi,&
1569 1995 1639 2060 in
1653 1988 1926 2062 farinam
1938 1994 2139 2090 redigi
2153 1997 2417 2089 patitur·
3917 1994 3928 1999 ’

753 2160 848 2205 ¹04
920 2149 962 2189 »Ι

747 2270 758 2284 ·
838 2279 842 2283 .
917 2196 1020 2260 εςῑ
1040 2150 1113 2247 Σῖ
1134 2153 1236 2269 υ.)
1254 2147 1416 2293 ι’χῦς
1439 2150 1557 2251 ἵτε
1580 2168 1646 2247 οἶ
1669 2146 1843 2264 λῖἳω
1874 2150 2245 2284 ῥῦγνιωπη
2261 2152 2365 2270 vv.)
2388 2153 2862 2277 δχςιφὲςρνπιι
2879 2153 2922 2258 v’i
2938 2153 3201 2276 ἠσμὶς
3219 2155 3471 2259 civium.

708 2350 1331 2434 commendatur
1349 2361 1433 2437 δε
1461 2358 1619 2435 eius
1637 2357 1746 2432 vis
1774 2350 2090 2461 quando
2122 2355 2448 2436 Parietes
2479 2358 2837 2437 vitiantur
2864 2364 2945 2435 δε
2972 2362 3199 2437 rimas
3215 2355 3509 2440 faciunt
3532 2421 3557 2459 ,
3584 2372 3666 2444 &
3694 2391 3920 2447 arena

602 2488 936 2549 remittit.

799 2646 896 2712 Ita
910 2639 1065 2742 legit
1076 2639 1582 2714 Turnebus.Sed
1594 2642 1757 2713 mihi
1771 2641 2161 2715 abAucstoris
2178 2640 2494 2715 sententia
2507 2643 2762 2713 videtur
2772 2642 3038 2715 alienus.
3043 2650 3358 2742 principio
3376 2652 3446 2715 in
3461 2648 3738 2723 aedificiis
3755 2680 3926 2750 quo-

603 2741 810 2811 modo
827 2736 1216 2839 franguntur
1229 2739 1731 2837 lapideszdeinde
1748 2742 2095 2837 quomodo
2107 2746 2297 2810 rimas
2314 2764 2515 2838 agunt
2533 2755 2553 2807 .>
2570 2740 2905 2836 postremo
2935 2746 3202 2836 quinam
3233 2743 3325 2811 est
3351 2748 3542 2829 Λσμός
3569 2746 3714 2816 ille?
3735 2757 3923 2846 equi-

607 2841 1115 2909 demiurauerim
1128 2835 1484 2934 legendum
1503 2831 1626 2906 effe
1652 2837 1740 2905 ’ὄπ
1758 2840 1965 2931 οἱπίχω
1978 2836 2260 2924 &qvem-mu
2281 2846 2326 2905 Θ
2359 2838 2730 2924 &obsipat-tuq
2758 2840 2786 2908 oi
2816 2837 2875 2905 a*
2909 2837 3092 2921 ὅμως
3119 2836 3308 2911 ineisa.
3354 2843 3562 2912 Cuius
3577 2843 3920 2938 postrema:
3985 2910 3990 2913 .

607 2938 793 3005 vocis
808 2932 1116 3004 inmutila
1134 2929 1436 3030 scriptura
1451 2955 1624 3003 extat
1639 2933 1796 3004 vesti
1863 2959 1997 3003 um.
2014 2932 2316 3032 intelligit
2332 2934 2496 3002 vero
2514 2937 2834 3030 parietum
2846 2936 3123 3011 tectoria
3150 2986 3169 3015 ,
3187 2961 3330 3031 quae
3348 2961 3498 3006 cum
3513 2964 3655 3008 non
3670 2937 3920 3012 fuerint

606 3024 1705 3130 diligenrerindu&a,trullillata,ac
1727 2959 2192 3101 soffdatarimas
2204 3052 2429 3128 agunt,
2447 3037 2517 3100 &
2542 3034 2774 3101 vitium
2791 3034 2860 3098 in
2873 3026 3301 3129 serecipiunt,
3379 3032 3567 3106 uibus
3597 3059 3819 3107 tamen
3833 3044 3923 3111 ri-

606 3132 729 3198 mis
746 3127 1165 3197 emendandis
1180 3122 1449 3223 gypsum
1462 3131 1633 3196 miro
1647 3124 1779 3198 vsui
1806 3127 1918 3196 est.
1950 3151 2070 3223 pro
2096 3151 2288 3196 arena
2312 3149 2535 3195 autem
2550 3177 2572 3209 ‚
2600 3129 2953 3196 tectorium
2982 3149 3318 3197 arenarum
3365 3135 3486 3200 'cet
3513 3131 3925 3233 intelligere.¹

604 3225 739 3296 hoc
766 3228 941 3293 enim
965 3247 1110 3292 non
1132 3227 1349 3292 minus
1375 3219 1581 3291 tribus
1605 3226 1792 3292 coriis
1804 3245 1872 3292 vt
1887 3222 2181 3318 loquitur
2213 3227 2551 3292 Vitruuius
2577 3219 3001 3293 deformatur.
3100 3248 3254 3293 nam
3282 3222 3329 3294 fi
3356 3232 3572 3299 minus
3589 3257 3787 3327 quam
3805 3240 3923 3303 tri-

603 3321 728 3392 bus
763 3325 949 3390 coriis
975 3342 1314 3389 arenarum
1350 3314 1550 3387 fuerit
1574 3320 1924 3389 inductum
1962 3319 2266 3415 quidem,
2305 3342 2450 3388 non
2477 3340 2700 3386 tamen
2728 3315 2899 3388 bene
2926 3316 3264 3389 subactum
3291 3373 3313 3403 ,
3342 3347 3453 3392 aut
3492 3350 3634 3396 non
3663 3334 3917 3425 optime

606 3411 1046 3498 trullissatum,
1073 3417 1431 3496 directum,
1470 3440 1540 3485 ac
1565 3412 1907 3484 solidatum
1930 3419 2205 3484 remittit
2231 3465 2253 3495 ,
2279 3420 2351 3482 δε
2375 3416 2553 3483 rimis
2578 3417 2840 3499 vitiatur
2863 3420 3089 3510 paries.
3190 3423 3258 3486 &
3289 3426 3603 3513 quoniam
3628 3427 3708 3493 ad
3731 3426 3913 3498 hunc

605 3514 828 3586 locum
844 3511 1342 3610 intelligendum
1361 3516 1644 3583 Vitruuii
1663 3508 1861 3581 verba
1886 3536 1963 3579 ex
1991 3508 2162 3580 libro
2189 3508 2248 3579 se
2294 3514 2462 3579 timo
2483 3514 2690 3605 capite
2718 3535 2770 3597 3.
2798 3512 3078 3595 maxime
3096 3508 3376 3595 faciunt,
3393 3513 3500 3584 illa
3528 3516 3788 3591 libitum
3820 3524 3914 3593 est

607 3639 684 3711 ap
731 3634 957 3683 onere.
1059 3613 1351 3681 Coronis
1367 3606 1687 3707 explicatis
1700 3611 2182 3705 parietesquam
2268 3607 2546 3703 perrime
2576 3598 3015 3677 trullilsentur.
3058 3608 3283 3703 postea
3307 3633 3525 3680 autem
3552 3611 3735 3713 supra
3748 3618 3908 3689 trul-
3942 3640 3993 3675 τε

606 3709 652 3782 li
702 3714 924 3779 atione
946 3703 1381 3777 subarescente
1402 3702 1858 3775 deformentur
1869 3707 2261 3775 directiones
2274 3708 2516 3772 arenati
2531 3753 2553 3785 ‚
2579 3706 2671 3773 vti
2683 3702 3126 3801 longitudines
3144 3705 3224 3773 ad
3244 3705 3533 3804 regulam
3560 3711 3905 3799 &lincam‚
3940 3737 3992 3771 <c

608 3807 979 3877 altitudines
1025 3805 1106 3872 ad
1153 3801 1686 3900 perpendiculum
1720 3853 1741 3884 ,
1772 3799 1990 3900 anguli
2028 3803 2109 3870 ad
2144 3824 2427 3871 nomam
2464 3800 2928 3896 relpondentes
2958 3804 3310 3898 exigantur.
3406 3803 3694 3905 namque
3722 3807 3805 3881 fic
3835 3839 3904 3882 e-
3938 3833 3984 3866 κ

607 3905 912 3974 mendara
937 3902 1371 3970 tectoriorum
1396 3903 1467 3966 in
1494 3900 1758 3994 picturis
1786 3902 1904 3967 erit
1945 3895 2200 3994 species.
2292 3891 2733 3965 subarescente
2757 3899 3000 3966 iterum
3037 3921 3107 3965 ac
3134 3903 3330 3968 tertio
3356 3903 3717 3976 inducatur.
3813 3914 3905 3979 ita
3937 3929 3989 3963 “

656 4001 744 4071 ιιὸ
766 3996 1104 4090 fundatior
1117 4001 1238 4066 erit
1251 4020 1327 4064 ex
1343 4017 1610 4064 arenato
1638 3990 2395 4076 direstma‚conformior
2410 3996 2529 4061 erit
2551 3993 2631 4061 ad
2640 3993 3026 4062 vetustatem
3050 3989 3328 4066 soliditas
3341 3999 3622 4080 tectorii.
3726 4008 3904 4074 Cum
3937 4025 3982 4060 ‘⁴

600 4029 683 4168 :b
699 4121 893 4166 arena
905 4117 1133 4192 praeter
1144 4086 1661 4163 trulliffarionem
1684 4115 1827 4160 non
1855 4095 2071 4159 minus
2093 4087 2298 4159 tribus
2327 4092 2515 4158 coriis
2541 4083 2740 4157 fuerit
2769 4085 3247 4171 deformatum,
3283 4112 3441 4163 tunc
3468 4094 3504 4162 ὲ
3530 4121 3903 4171 marmoreo
3939 4121 3987 4155 ⁸⁶

604 4218 806 4294 grano
836 4188 1385 4263 directionessunt
1399 4184 1797 4287 subigendae,
1818 4188 1976 4256 dum
1998 4190 2395 4256 itamateries
2422 4206 2855 4280 temperetur,
2877 4190 2972 4255 vti
3002 4210 3152 4256 cum
3174 4183 3485 4286 subigttur
3499 4216 3641 4261 non
3669 4194 3906 4268 haereat
3936 4219 3986 4254 *τ

606 4293 686 4362 ad
713 4296 995 4369 nitrum,
1022 4289 1130 4357 sed
1154 4310 1390 4384 purum
1420 4281 1667 4354 ferrum
1707 4284 1743 4353 ὲ
1768 4288 2084 4354 mortario
2123 4280 2456 4352 liberetur.
2556 4287 2779 4351 Grano
2810 4283 3087 4352 inducto
3125 4288 3196 4351 &
3220 4281 3613 4358 inarescente
3629 4287 3903 4364 alterum
3938 4313 3988 4348 «ὅ

603 4393 853 4459 corium
870 4386 1261 4455 mediocrius
1273 4386 1579 4482 dirigatur
1596 4382 1855 4459 :idcum
1868 4377 2203 4450 subactum
2216 4375 2451 4460 fuerit,
2468 4383 2537 4448 &
2554 4376 2723 4447 bene
2735 4373 3034 4448 fricatum
3049 4375 3338 4451 subtilius
3358 4385 3720 4458 inducatur.
3816 4396 3907 4461 ita
3937 4409 3990 4446 ‘⁸

602 4508 753 4555 cum
769 4481 971 4551 tribus
989 4484 1177 4550 coriis
1188 4504 1419 4561 arenae,
1434 4487 1503 4549 δε
1516 4485 1677 4549 item
1691 4480 2030 4548 marmoris
2054 4473 2302 4547 solidati
2313 4479 2587 4572 parietes
2607 4471 2853 4547 fuerint
2868 4527 2889 4558 ‚
2902 4500 3121 4574 neque
3133 4480 3347 4563 rimas,
3363 4504 3582 4578 neque
3599 4483 3771 4555 aliud
3808 4493 3905 4560 vi-
3933 4507 3985 4540 c<

598 4581 846 4650 tiumin
861 4574 920 4646 se
935 4580 1216 4671 recipere
1230 4598 1559 4672 poterunt.
2789 4613 2798 4622 κ
3935 4603 3985 4639 ⁶·

792 4678 954 4745 Haec
983 4674 1342 4741 Vitruuius.
1443 4674 1618 4766 Qae
1641 4673 1882 4743 idcirco
1907 4671 2233 4743 voluimus
2259 4674 2485 4740 omnia
2509 4669 2660 4741 licet
2687 4667 2918 4742 breues
2948 4667 3072 4742 effe
3098 4673 3466 4747 studeamus
3491 4728 3513 4758 ,
3546 4704 3902 4776 apponere,
3937 4659 3989 4720 μ

602 4796 678 4845 vt
696 4774 911 4844 omnis
930 4769 1364 4839 tectoriorum
1377 4766 1963 4863 ratiointelligatur.
2061 4769 2287 4837 eadem
2346 4769 2504 4848 ene,
2532 4789 2729 4862 atque
2757 4773 3092 4840 Vitruuius
3107 4769 3349 4842 Plinius
3375 4774 3569 4844 docet
3593 4775 3762 4848 libro
3788 4786 3906 4849 tri-

648 4864 1027 4940 esrmosexto
1045 4871 1152 4946 ,δε
1183 4861 1500 4933 Palladius
1522 4859 1691 4931 libro
1718 4867 1954 4957 ptimo.
2053 4865 2286 4932 Notan
2335 4887 2448 4929 um
2476 4885 2694 4930 autem
2722 4886 3006 4959 quatuor
3036 4861 3158 4935 elle
3179 4871 3612 4939 tectoriorum
3647 4899 3908 4968 genera.

676 4991 778 5035 am
803 4987 912 5035 aut
939 4961 1106 5034 calce
1128 4984 1288 5057 pura
1315 4957 1519 5038 fiunt,
1552 4964 1623 5027 &
1648 4959 1955 5027 dicuntur
1978 4956 2210 5027 albaria
2237 5007 2257 5037 ,
2286 4981 2398 5023 aur
2423 4954 2675 5052 Gypso,
2703 4962 2774 5025 &
2798 4955 2975 5028 forte
3002 4959 3257 5057 gypsata
3281 4959 3543 5056 possunt
3572 4968 3743 5050 dici,
3788 4995 3901 5041 aut

605 5063 772 5136 calce
808 5069 878 5133 δε
930 5084 1144 5140 arena,
1175 5063 1249 5127 δε
1288 5076 1610 5148 vocantur
1659 5075 1939 5124 arenata.
2053 5076 2163 5123 aut
2200 5075 2528 5122 marmore
2570 5058 2640 5121 δε
2677 5050 2846 5122 calce
2881 5105 2902 5136 ,
2946 5079 3089 5151 qua:
3132 5079 3526 5128 marmorata
3567 5062 3893 5160 appellan-

602 5183 730 5232 tur.

746 5365 831 5412 ⁸⁶¹
901 5350 1289 5454 nominas
1307 5349 1386 5446 fi
1412 5339 1657 5462 πὶμλῧ
1689 5345 2038 5454 πίνωῖωια
2068 5344 2171 5458 20:3⁸
2189 5341 2531 5481 u‘Qp'pn‘mq
2550 5343 2641 5441 nl
2660 5348 2738 5444 st
2765 5342 2916 5494 ἀξίω
2949 5349 3377 5483 κρεμαῖμεναι
3393 5426 3419 5466 ,
3436 5352 3559 5475 m*
3585 5348 3900 5496 πῲὲχὲ·

596 5498 796 5611 m«,
827 5497 920 5596 -n'i
944 5486 1281 5605 ’OM’iff‘l'
1314 5486 1630 5603 &uiam
1664 5493 1741 5584 st
1772 5486 1891 5605 ω’
1928 5488 2366 5621 ὗφαςρεμλόη
2399 5488 2622 5587 mim
2651 5485 2773 5607 m*
2795 5486 3023 5588 mim
3053 5490 3428 5614 σ”σῆσῖσθψ
3445 5494 3566 5614 ’oq'
3586 5501 3899 5620 γ’νωα]

580 5679 941 5781 aemv-
1704 5696 1709 5700 ⁴

736 5811 946 5949 Saepe
972 5857 1226 5915 autem
1258 5833 1416 5912 aliae
1432 5851 1674 5938 partes
1702 5824 2186 5923 ceciderunt,
2216 5827 2374 5908 aliae
2401 5823 2748 5939 suspensa:
2761 5831 2966 5930 sunt,
2983 5857 3134 5914 nec
3161 5857 3506 5920 tenentes
3520 5843 3884 5935 inuicem,

593 5953 838 6070 potest
865 5975 1123 6033 autem
1139 5969 1547 6070 exceptum
1561 5948 1832 6023 iterum
1849 5968 2079 6052 atque
2093 5947 2372 6022 iterum
2387 5942 2745 6056 decoqui,
2773 5958 2855 6029 δε
2873 5948 3051 6030 vtile
3067 5946 3305 6032 reddi.

804 6165 913 6234 De
954 6160 1243 6230 tectoriis
1277 6152 1570 6252 loquitur
1598 6202 1620 6234 ‚
1661 6175 1805 6249 quae
1841 6155 2017 6223 rimis
2054 6177 2125 6221 ac
2181 6147 2344 6220 vitio
2384 6148 2595 6223 sedata
2631 6149 2756 6226 fint
2795 6202 2821 6239 ,
2858 6157 3095 6254 quibus
3140 6160 3561 6229 emendandis
3665 6153 3893 6256 ypsum

600 6259 1041 6334 commendat.
1162 6255 1379 6324 :Anum
1411 6271 1631 6318 autem
1664 6272 1855 6318 vocat
1877 6247 2333 6317 inductionem
2374 6255 2632 6321 tetstorii
2660 6304 2680 6334 ,
2723 6277 2867 6350 quae
2902 6256 3221 6326 adhaereat
3247 6303 3268 6334 ,
3295 6260 3365 6322 &
3395 6254 3548 6323 hinc
3577 6184 3900 6355 gffutmata

588 6357 701 6431 sit.
766 6360 834 6424 in
867 6357 1041 6422 rimis
1082 6354 1256 6419 enim
1292 6351 1544 6446 parietis
1587 6339 1706 6414 alia
1742 6369 1881 6441 pars
1922 6345 2112 6424 cadit,
2153 6341 2504 6416 aliamanet
2544 6354 2616 6416 δε
2653 6349 2854 6417 haeret
2894 6346 3178 6421 solidior.
3255 6346 3406 6417 πἰυν
3434 6350 3522 6438 χρὴ
3558 6353 3708 6423 adm
3739 6353 3898 6419 5232·

601 6470 724 6537 θη.
762 6446 1043 6546 suspecta
1071 6446 1231 6515 mihi
1256 6469 1385 6516 vox
1427 6442 1571 6513 esta
1604 6436 2028 6521 imiamsatis
2072 6443 2246 6507 enim
2287 6443 2450 6512 mihi
2490 6444 2746 6512 videtur
2802 6467 2928 6513 vna
2965 6439 3145 6541 gypsi
3193 6443 3434 6517 coctio.
3479 6453 3699 6546 itaque
3741 6445 3899 6535 lego

600 6548 883 6628 ιὸππιθας
911 6596 935 6629 ,
975 6567 1046 6616 vt
1062 6540 1137 6613 fit
1179 6543 1363 6639 quod
1393 6538 1638 6611 Plinius
1668 6542 1755 6609 ait
1787 6586 1813 6621 ,
1852 6540 1967 6632 qui
1999 6559 2075 6608 ex
2115 6535 2430 6611 hocloco
2469 6535 2736 6612 fortasse
2761 6537 3102 6609 transtulit.
3207 6558 3430 6611 tamen
3463 6549 3667 6623 tutius
3708 6535 3913 6630 tundi
4031 6565 4041 6572 ⁶

3026 6634 3080 6730 ,E
3185 6654 3217 6722 3
