4706 7287
3665 245 3693 255 a

868 307 1008 388 354
1883 268 3227 357 COMMENTARII
3854 339 3859 345 -

886 416 1370 522 djffipetur‹,'ac
1398 434 1616 515 pereat
1643 413 1957 505 alimento
1989 411 2208 526 aliquo
2251 433 2428 509 opus
2448 407 2648 481 habet
2678 461 2700 492 ,
2755 414 2943 508 quod
2972 410 3218 520 semper
3263 413 3493 511 praesto
3523 411 3599 484 fit
3629 416 3710 485 ad
3748 415 3936 489 illum
3974 421 4215 495 restau-

890 527 1190 592 randum.
1287 517 1465 587 Nam
1484 511 1611 583 etii
1625 522 1982 583 commune
2007 533 2211 581 totius
2243 512 2530 604 corporis
2557 505 2940 578 alimentum
2965 510 3167 606 possit
3192 513 3258 582 id
3286 536 3361 579 ex
3393 535 3572 606 parte
3597 515 3930 609 praestare,
3959 543 4101 590 non
4126 544 4217 591 ta..

896 613 1292 712 men'potest
1321 616 1603 682 omn-ino
1627 608 1861 679 facere.
1924 607 2409 702 accedit‚quod
2440 603 2591 675 cum
2620 603 2869 704 spiritus
2899 610 3111 677 aerius
3141 604 3254 688 sit,
3285 613 3570 677 nutritur
3598 614 3867 706 quidem
3907 611 4015 685 ille
4059 625 4220 689 aeria

900 713 1193 784 alimenti
1215 708 1561 780 substantia
1589 759 1610 788 ,
1630 704 1743 776 sed
1759 729 1980 775 tamen
2009 711 2077 774 δε
2107 701 2441 772 elemento
2473 699 2589 771 illo
2614 752 2635 784 ‚
2664 705 2848 797 quod
2877 699 2999 773 suae
3027 726 3270 774 naturae
3298 702 3500 774 simile
3522 707 3652 788 est,
3684 711 4216 810 quandoquidem

848 820 856 825 “
898 833 979 882 ex
992 806 1305 879 similibus
1318 804 1392 875 fit
1408 808 1704 875 nutritio.

1110 902 1526 978 Confirmare
1564 900 1723 971 vero
1762 900 2026 970 videtur
2044 900 2112 967 id
2138 904 2208 967 δε
2237 921 2313 966 ex
2363 900 2778 966 erimentu-m.
2833 920 2994 965 nam
3027 901 3097 965 in
3123 901 3320 965 animi
3347 893 3863 985 defetstionibus,
3885 909 3962 975 >in
3982 907 4216 1003 quibus

902 1002 1111 1076 vitalis
1152 999 1400 1099 spiritus
1444 997 1770 1069 exoluitur
1798 1047 1820 1080 ,
1850 994 2174 1065 odoribus
2214 921 2433 1063 crebra
2470 990 2887 1091 inspiratione
2915 996 3200 1063 attractis
3235 991 3660 1069 succurrimus
3707 1026 3722 1065 :
3778 1025 3846 1071 vt
3868 1002 4003 1072 -hoc
4034 1029 4215 1102 argu-

901 1123 1207 1170 mentum
1235 1095 1312 1168 fit
1342 1148 1363 1178 ,
1389 1121 1531 1165 aere
1557 1097 1785 1164 nutriri
1809 1095 2133 1189 spititnm,
2154 1097 2235 1160 ·&
2262 1094 2534 1186 reparari
2550 1140 2571 1171 ,
2601 1115 2820 1186 eoque
2850 1095 3086 1189 magis,
3116 1116 3253 1186 quo
3279 1089 3610 1163 lubentius
3649 1118 3917 1193 propter
3943 1103 4217 1172 odorem

906 1203 978 1268 in
997 1224 1079 1266 eo
1114 1193 1329 1264 fusum
1354 1190 1713 1290 inspiratur.
1738 1250 1745 1263 ,
1780 1193 1973 1259 Hanc
1998 1191 2415 1286 Hippocratis
2441 1238 2464 1269 ,
2492 1185 2858 1282 Galenique
2894 1189 3281 1256 sententiam
3320 1190 3700 1284 Auerrhoys
3731 1192 4015 1271 secundo
4045 1196 4216 1269 «libro
4237 1206 4257 1232 ⁸

904 1291 1769 1384 collectaneorum-exagitat
1788 1339 1806 1370 ‚
1837 1290 2015 1356 cuius
2099 1289 2369 1381 raecipua
2397 1283 2878 1355 demonstratio
2906 1284 3001 1353 est
3029 1336 3051 1366 ,
3110 1287 3294 1381 quod
3335 1310 3572 1382 corpus
3614 1290 4055 1388 compositum
4080 1318 4216 1368 nou

906 1390 1171 1497 potesta
1198 1385 1464 1483 simplici
1494 1388 1746 1453 nutriri.
1811 1384 1996 1479 quod
2047 1408 2068 1450 1
2094 1380 2343 1478 spiritus
2360 1406 2436 1450 ex
2467 1405 2612 1450 aere
2641 1385 2995 1449 nutriretur
3021 1430 3042 1461 ,
3071 1383 3333 1451 daretur
3360 1407 3592 1480 corpus
3622 1410 3699 1454 ex
3725 1414 3861 1458 vno
3891 1389 4214 1463 elemento

890 1490 1154 1557 tactum
1172 1536 1192 1567 ,
1219 1487 1284 1553 id
1310 1480 1494 1579 q'uod
1520 1488 1587 1551 &
1616 1477 1886 1578 physicis
1915 1487 1985 1549 &
2015 1481 2350 1548 medicinae
2379 1476 2489 1546 scri
2538 1475 2790 1547 toribus
2814 1475 3157 1547 absurdum
3187 1477 3279 1546 est
3294 1530 3318 1561 ‚
3336 1486 3418 1548 0&
3446 1481 3857 1576 impoffibile.
3903 1491 4094 1558 addi-t
4115 1516 4223 1561 ve-

906 1583 984 1653 rb
1004 1576 1253 1680 negasse
1279 1578 1602 1651 Galenum
1621 1602 1854 1673 aquam
1884 1577 2213 1645 nutriendi
2244 1580 2378 1643 vim
2408 1504 2881 1669 habereque&
2905 1570 3173 1671 simplex
3195 1573 3324 1657 est,
3351 1580 3546 1674 igitur
3574 1574 3796 1676 neque
3823 1608 4057 1655 aerem.
4093 1608 4230 1684 pro

905 1682 1333 1782 peripateticis
1360 1700 1577 1745 antem
1602 1671 1754 1743 facit
1782 1725 1803 1755 ,
1845 1674 2029 1769 quod
2055 1680 2125 1741 δ(
2151 1669 2230 1739 ab
2275 1669 2625 1740 Aristotele
2656 1672 2963 1752 traditur,
2996 1670 3033 1741 a
3061 1669 3318 1742 Galeno
3347 1678 3542 1743 etiam
3571 1672 3729 1773 saepe
3759 1687 4105 1777 repetitum
4133 1709 4211 1754 ex

907 1775 1129 1851 iisdem
1162 1775 1245 1845 ali
1274 1826 1296 1856 ,
1337 1799 1415 1843 ex
1445 1771 1681 1868 quibus
1710 1772 2006 1841 constant
2052 1766 2368 1863 animalia.
2437 1772 2618 1864 atqui
2644 1769 2893 1863 spiritus
2924 1792 3010 1836 ex
3041 1792 3186 1837 aere
3222 1794 3365 1839 non
3397 1772 3686 1856 constat,
3729 1800 3872 1847 non
3910 1783 4100 1877 igitur
4134 1804 4211 1851 ex

911 1883 1057 1947 aer'e
1090 1872 1299 1941 alitur.
1382 1872 1623 1939 accedit
1656 1870 1841 1963 quod
1880 1891 2025 1961 quae
2055 1869 2338 1933 rationes
2380 1867 2766 1961 Hippocrati
2790 1866 2870 1933 ad
2908 1864 3040 1935 hoc
3073 1867 3323 1963 dogma
3352 1868 3899 1945 constituendum
3926 1879 4222 1949 videntur

907 1965 1680 2071 persuafisse,probabiles
1708 1964 1975 2055 quid-em
2000 1959 2120 2029 illae
2150 1959 2331 2041 sunt,
2361 1985 2499 2030 non
2528 1959 2776 2029 habent
2803 1983 3024 2030 tamen
3054 1961 3522 2049 necestitatem*
3542 1965 3755 2039 vllam.
3855 1996 4014 2042 nam
4051 1972 4223 2073 spiri.

913 2094 1017 2141 tus
1059 2068 1324 2165 quidem
1357 2069 1521 2132 aeria
1552 2057 1893 2155 tenuisque
1927 2056 2275 2126 substantia
2303 2057 2394 2126 est
2419 2112 2435 2138 ,
2480 2082 2621 2126 non
2649 2080 2869 2126 tamen
2898 2058 3207 2141 aer-,hoc
3235 2058 3621 2158 est,fimplex
3640 2070 3904 2164 corpus.
3969 2080 4218 2144 nutrie-

913 2191 1018 2238 tur
1058 2169 1356 2261 igitur-ex
1386 2162 1569 2227 tenui
1604 2151 2044 2253 vaporosaque
2083 2151 2403 2252 sanguinis
2425 2151 2776 2223 ‘substantia
2801 2205 2824 2236 ‚
2872 2180 3091 2250 neque
3120 2180 3264 2234 aere
3296 2155 3411 2227 fibi
3448 2161 3728 2231 omnino
3756 2188 3983 2261 parum
4023 2144 4224 2241 [com-

912 2264 1121 2334 modo
1153 2283 1316 2355 opus
1362 2260 1502 2325 erit.
1564 2254 1752 2350 quod
1778 2248 2400 2346 {isacile-dissipatur
2420 2302 2443 2333 ‚
2472 2255 2872 2348 materiaque
2902 2277 3066 2347 opus
3092 2252 3342 2337 habet,
3370 2280 3515 2351 qua:
3550 2256 3641 2327 illi
3678 2266 4058 2357 reparando.
4101 2290 4221 2337 τε·
4303 2252 4312 2259 ’

911 2362 1011 2429 sto
1041 2355 1116 2426 fit
1143 2409 1159 2434 ,
1202 2346 1487 2432 dicetur,
1530 2350 1713 2447 quod
1741 2355 1809 2418 ὃ(
1836 2344 2119 2445 superius
2146 2348 2398 2416 dictum
2439 2348 2531 2417 est
2559 2396 2582 2432 ,
2623 2370 2923 2417 naturam
2952 2373 3304 2446 nunquam
3343 2351 3572 2423 celsare
3611 2352 3960 2454 abopera,
3987 2361 4036 2430 ·s
4174 2369 4226 2423 ‘-

886 2478 1225 2549 ·tuereque
1254 2448 1501 2546 semper
1530 2470 1851 2544 vaporum
1883 2470 1960 2515 ex
1986 2442 2302 2514 alimento
2334 2449 2590 2540 copiam
2617 2446 2698 2514 ad
2726 2441 3015 2541 spiritum
3034 2448 3529 2520 enutriendum.
3618 2477 4076 2552 argumentum
4103 2486 4219 2530 ve-

914 2551 994 2627 rb
1010 2603 1033 2634 ,
1058 2550 1241 2646 quod
1267 2544 1536 2615 sumitur
1563 2544 1644 2613 ab
1669 2549 1745 2613 iis
1759 2586 1790 2625 -‚
1834 2546 1948 2639 qui
1976 2547 2197 2613 animo
2228 2539 2588 2623 deficiunt»,
2619 2539 2872 2610 nullum
2906 2538 3052 2613 esse.
3099 2542 3305 2614 multa
3334 2550 3685 2617 enim-{unt
3710 2600 3731 2631 ,
3762 2577 3906 2648 quae
3931 2557 4004 2623 in
4043 2555 4223 2628 defe-

891 2641 1541 2740 ‘stuanimispiritum
1558 2645 1823 2721 iuuant,
1851 2660 1959 2707 aut
1987 2643 2319 2718 mitione,
2346 2644 2419 2708 δε
2446 2638 2939 2720 constrictione,
2953 2661 3022 2708 vt
3036 2644 3126 2709 ita
3148 2642 3362 2711 dicam
3378 2643 3687 2740 ,talisque
3703 2648 3796 2717 est
3808 2650 4077 2745 aqua-fri
4130 2659 4140 2670 ‘
4187 2681 4224 2726 2

911 2741 1105 2818 affusa
1125 2739 1359 2821 vultui,
1378 2763 1453 2808 vt
1481 2737 1572 2806 est
1600 2742 1669 2805 in
1696 2733 2179 2833 problematum
2206 2732 2604 2804 sestionibus
2629 2786 2653 2817 ‚
2684 2742 2756 2805 &
2780 2739 2850 2804 in
2870 2734 3044 2826 vlibro
3073 2739 3157 2807 de
3184 2742 3411 2808 Animi
3437 2737 3814 2814 defectione
3840 2657 4227 2847 Theopffrda-

912 2844 1011 2914 sti.
1088 2832 1611 2925 autxalteratio'ne
1637 2828 1903 2928 simplici
1935 2855 1950 2898 ε
1981 2829 2122 2900 talis
2148 2830 2368 2900 autem
2386 2830 2515 2912 est,
2545 2857 2691 2927 quae
2722 2829 2799 2900 fit
2824 2830 2905 2902 ab
2933 2831 3282 2917 odoribus,
3303 2841 3426 2933 qui
3455 2835 3740 2934 spiritum
3778 2840 4227 2942 refrigeratum

909 2934 1366 3012 excalfaciunt,
1393 2937 1463 3001 δε
1493 2933 1732 2999 fouent
1750 2980 1769 3009 ‚
1798 2950 1910 2997 aut
1926 2923 2350 2997 excalfactum
2377 2924 2778 3026 refrigerant.
2822 2926 2927 2998 sed
2944 2937 3015 2999 &
3042 2936 3406 3002 nutritione
3429 2935 3824 3008 succurritur
3855 2948 4056 3012 ammi
4084 2970 4225 3014 rna-

910 3040 1037 3108 1011
1067 3029 1390 3110 defectui,
1412 3049 1487 3095 vt
1514 3024 1627 3107 illi,
1655 3030 1768 3120 qui
1798 3025 2147 3095 Cardiaeus
2175 3021 2564 3128 appellatum
2585 3046 2655 3093 at
2676 3025 3406 3099 haec2nutritio-curnon
3422 3056 3659 3102 ex-aere
3683 3032 3973 3108 sumitur.
4015 3039 4130 3112 sed
4153 3067 4233 3115 ex

905 3138 1061 3203 vino
1085 3132 1338 3226 potiuS,
1366 3125 1549 3219 quod
1572 3146 1725 3192 cum
1754 3145 1954 3190 tenue
1982 3125 2505 3216 vaporoiumque
2523 3117 2598 3189 fit
2610 3117 2794 3190 facile
2811 3119 3223 3193 substantiam
3239 3121 3487 3222 spiritus
3515 3154 3764 3225 reparat
3791 3144 3813 3203 ἃ
3873 3135 3997 3226 hec
4026 3135 4224 3220 sunt,

910 3255 1054 3326 quae
1082 3220 1441 3294 Aristotelis
1471 3271 1493 3302 ‚
1519 3222 2217 3317 peripateticorumque
2255 3214 2641 3287 sententiam
2669 3217 2850 3288 adeo
2882 3221 3186 3293 videntur
3224 3220 3612 3295 confirmare
3633 3278 3656 3310 ,
3697 3251 3767 3298 vt
3808 3234 4233 3330 Hippocratis

911 3323 1276 3417 Galenique
1305 3322 1545 3415 dogma
1585 3313 1871 3385 fatiscere
1903 3314 2221 3385 videatur.
2292 3312 2725 3409 quamobrem
2770 3318 3108 3385 Auicenna
3136 3316 3306 3388 hbro
3329 3326 3532 3392 'tertio
3560 3375 3580 3404 ,
3612 3349 3750 3421 quo
3774 3324 3925 3398 loco
3956 3333 4038 3401 de
4079 3335 4229 3405 Re-

902 3421 1245 3520 spiratione
1270 3415 1587 3510 loquitur,
1614 3417 1867 3482 euitare·
1886 3408 2111 3479 volens
2133 3414 2416 3481 rationes
2434 3410 2582 3492 has,
2600 3409 3039 3507 aerespirirum
3069 3419 3298 3485 nutriri
3323 3420 3541 3500 tradit,
3573 3445 3714 3491 non
3729 3427 4048 3523 quodipfi:
4061 3455 4233 3501 con-.-

910 3538 1237 3596 uertatur,
1266 3508 1636 3609 spiritusque
1664 3508 1818 3591 fiat,
1847 3505 1952 3576 sed
1977 3509 2157 3603 quod
2180 3509 2567 3589 comode,
2596 3533 2733 3605 quo
2759 3513 2954 3577 etiam
2984 3536 3150 3606 aqua
3178 3563 3201 3593 ,
3234 3514 3612 3586 vehiculum
3640 3520 3968 3614 quoddam
3993 3523 4075 3595 sit
4111 3525 4227 3596 ali-

910 3618 1121 3688 menti
1151 3665 1170 3689 ,
1201 3636 1338 3709 quo
1371 3606 1654 3678 nutritur
1680 3605 1927 3702 spiritus
1957 3631 1973 3672 :
1999 3600 2304 3674 conferre
2334 3607 2531 3703 igitur
2555 3610 2649 3674 -ad
2675 3610 3110 3684 nutritionem
3136 3659 3158 3690 ,
3175 3633 3666 3712 proptereaque
3690 3617 3815 3688 dici
3851 3626 4229 3696 nutrimen-

913 3707 1211 3784 tum-effe
1244 3736 1259 3776 ι
1287 3709 1462 3776 Nam
1494 3703 1782 3797 alioquin
1810 3727 1960 3773 vere
1987 3725 2128 3770 non
2143 3700 2311 3770 alere
2326 3693 2702 3798 ,squidem
2730 3699 2996 3799 simplex
3022 3729 3255 3802 corpus
3290 3708 3416 3789 est,
3448 3736 3526 3778 ex
3554 3710 3820 3810 iimplici
3834 3741 4052 3788 autem
4079 3743 4228 3792 non

913 3814 1199 3880 nutritur
1225 3799 1684 3899 compositum.
1712 3799 1816 3868 alii
1840 3802 1996 3868 aeris
2025 3821 2321 3866 naturam
2345 3798 2790 3897 distinguunt,
2808 3804 2978 3870 inter
3004 3827 3174 3897 quos
3190 3804 3282 3872 est
3310 3806 3537 3880 Petrus
3554 3812 3945 3907 Aponensis.
4041 3817 4229 3890 Nam

920 3930 1035 3977 aut
1067 3904 1190 3974 esse
1217 3893 2143 3998 purum-,-&-s1mplicissimum
2157 3945 2181 3976 ,
2212 3897 2559 3990 quomodo
2597 3897 2977 3991 nonpotest
3005 3897 3388 3969 alimentum
3415 3901 3598 3987 fieri,
3629 3932 3739 3978 aut
3755 3934 3906 3982 cum
3935 3912 4070 3986 aliis
4092 3916 4233 3987 ele-

895 4006 1158 4076 *mentis
1192 3995 1608 4069 commistum
1637 4047 1653 4073 ,
1683 3991 1957 4089 qualiter
1984 3990 2305 4060 elementa
2325 3994 2498 4060 inter
2514 3988 2575 4060 se
2606 3989 2868 4075 misteri,
2885 3994 2921 4062 a
2948 3991 3185 4091 suaque
3216 3999 3488 4068 naturali
3502 3999 3863 4077 sinceritate
3884 4008 4229 4085 desciscere

916 4105 1225 4171 diximus:
1244 4093 1563 4165 ficantem
1591 4111 1969 4187 acceptum,
1997 4085 2505 4160 &intellectum
2532 4113 2750 4158 aerem
2788 4083 2963 4188 poffe
2989 4088 3173 4163 facile·
3211 4090 3497 4190 spiritum
3526 4107 3952 4188 connutrire,
3982 4112 4221 4208 quippe

888 4203 1027 4294 *qui
1055 4195 1368 4266 alimento
1394 4213 1587 4290 eget-,—
1611 4187 1794 4285 quod
1813 4181 2550 4282 *facilime‘citiffimeque
2577 4185 2883 4259 alteretur
2906 4242 2924 4272 ,
2951 4193 3024 4260 &
3051 4214 3544 4280 commutetur,
3585 4197 3777 4295 quale
3804 4200 4220 4280 vel-maxime

880 4317 1014 4364 ·aer
1032 4293 1144 4363 est.
1651 4302 1654 4305 ’
2503 4353 2508 4356 ,
3471 4341 3476 4344 .

1048 4479 1049 4482 ¹
1112 4384 1366 4457 Verum
1392 4393 1461 4456 δε
1479 4385 2472 4458 Anicennaecornmentum'non
2499 4380 2636 4457 sine
2658 4383 3607 4487 controuersiapotestadmitti
3623 4447 3645 4479 ,
3663 4401 4220 4497 &Aponenfisdj-

895 4487 1178 4559 'stinetio
1207 4480 1322 4553 etii
1345 4508 1495 4553 vera
1515 4480 1615 4564 fit,
1641 4484 1882 4550 adrem
1899 4504 2120 4551 tamen
2147 4488 2532 4580 neutiquam
2547 4485 2805 4554 videtur
2819 4480 3052 4555 facere.
3069 4489 3248 4579 Nam
3277 4511 3346 4559 vt
3363 4488 3441 4559 ab
3460 4495 4129 4588 Anicennaexordiar,
4147 4502 4224 4575 fi.

894 4584 1354 4655 ·militudinem
1370 4581 1637 4676 quidem
1661 4580 2173 4661 video‚modum
2190 4603 2445 4661 autem,
2472 4606 2610 4676 quo
2628 4579 3116 4652 aervehiculum
3138 4580 3386 4681 spiritus
3400 4585 3688 4661 alimenti
3720 4593 3813 4663 est
3826 4620 4009 4676 ,non
4022 4626 4224 4699 agno-

914 4681 1043 4753 sco.
1117 4704 1283 4776 aqua
1313 4682 1668 4747 enim-curn
1707 4671 2014 4794 sanguine
2050 4674 2558 4770 commistetuna
2600 4676 2864 4749 renibus
2887 4691 3112 4749 autem
3141 4732 3163 4762 ,
3201 4686 3275 4751 δε
3297 4680 3500 4754 vefica
3523 4687 3911 4775 iecetnitur',
3956 4687 4254 4795 abitque'

898 4776 1185 4850 ·fimulin
1214 4774 1514 4845 sudorem
1532 4825 1553 4854 ,
1572 4796 1850 4842 aervero
1876 4777 2183 4844 attractus
2204 4782 2276 4852 ὃς
2311 4773 2604 4854 redditus
2628 4800 2757 4871 qua
2781 4779 3036 4845 ratione
3053 4801 3213 4846 >cum
3237 4774 3485 4875 spiritus
3512 4780 3828 4858 alimento
3851 4789 4224 4879 misceatur,

912 4875 1137 4973 illique
1153 4867 1687 4950 vehiculumfiat,
1703 4872 2025 4940 incertum
2055 4870 2145 4939 est
2160 4920 2181 4952 ,
2200 4875 2268 4939 δε
2284 4867 2768 4968 perobscurum.
2806 4871 3174 4968 Aponenfis
3202 4880 3369 4947 ratio
3396 4881 3617 4974 inepta
3631 4883 3738 4953 est.
3757 4890 3900 4981 quis
3916 4895 4091 4961 enim
4105 4918 4230 4972 ne..

868 5035 871 5038 ,
913 4971 1024 5044 scit
1056 4972 1238 5068 quod
1262 4972 1348 5038 ait
1374 4965 1521 5036 ille?
1565 4972 1875 5036 &tamen
1918 4969 2480 5065 quando-negauit
2521 4965 2903 5039 Aristoteles
2931 4993 3010 5038 ex
3026 4966 3299 5079 fimplici
3326 4972 3659 5048 elemento
3688 5004 3917 5080 corpus
3945 5011 4224 5087 compo-

910 5069 1105 5141 situm
1124 5069 1424 5145 enutriri,
1441 5061 1556 5133 sim
1604 5061 1705 5132 lex
1720 5086 1990 5160 corpus,
2007 5061 2138 5133 siue
2155 5061 2554 5150 elementum
2567 5063 2898 5134 intellexit·
2909 5062 3123 5137 latiori
3136 5067 3526 5167 significatu,
3548 5081 3889 5171 quomodo
3902 5083 4061 5153 dixit
4082 5092 4220 5162 Ga-

907 5166 1093 5237 lenus
1122 5187 1355 5260 aquam
1373 5186 1513 5229 non
1533 5090 2500 5257 alere,Hippocratesqueillam
2513 5184 2655 5230 non
2684 5160 3051 5248 -rpocplw'ssed
3079 5166 3467 5257 τροφῢεὸχημα.
3479 5169 3838 5267 appellauit.
3884 5177 3981 5249 his
3996 5184 4081 5250 ita
4097 5184 4227 5253 de-⁶

905 5261 1171 5340 claratis,
1188 5253 1551 5338 difficultas,
1569 5260 1798 5352 quae-in
1815 5256 1945 5326 hoc
1956 5251 2363 5352 philosophie
2378 5252 2528 5326 loco
2538 5262 2816 5326 maxima
2831 5254 3152 5338 est‚facile
3169 5262 3444 5345 constat,
3458 5268 3848 5369 videturque
3859 5280 4234 5375 peripateti·

905 5384 1134 5430 corum
1151 5360 1379 5454 opinio
1394 5358 1646 5425 veritati
1660 5351 1858 5450 longe
1871 5357 2322 5449 propinquior.
2349 5359 2422 5422 δε
2436 5374 2658 5422 tamen
2676 5359 2993 5450 quoniam
3015 5361 3522 5454 Hippocratem,
3555 5363 3591 5433 a
3622 5377 4038 5466 quo‚optima
4057 5401 4225 5473 prg-

903 5456 1132 5550 claraq,
1150 5456 1228 5522 ad
1245 5449 1408 5549 ipsos
1420 5456 1615 5532 ¹<niam
1630 5453 2081 5548 peripateticos
2094 5446 2337 5517 fluxere
2350 5450 2682 5546 dogmata,
2701 5450 2907 5522 nolim
2926 5450 3211 5523 deserere
3225 5461 3353 5539 ,ita
3367 5460 3527 5540 mihi
3543 5486 3693 5530 cum
3706 5473 4135 5562 peripateticis
4163 5500 4232 5545 a·

900 5554 1192 5653 gendum
1211 5554 1351 5630 erit,
1366 5572 1439 5619 vt
1454 5545 1637 5618 facile
1653 5544 1897 5642 sperem
1912 5544 2355 5615 demonstrare
2369 5542 2585 5616 fallam
2599 5571 2741 5617 non
2759 5546 2884 5618 este
2896 5551 3099 5619 diuini
3111 5547 3275 5622 senis
3291 5549 3990 5657 sententiamprimum
4004 5593 4226 5643 aurem

904 5673 1229 5749 ponemus
1243 5646 1394 5727 hoc,
1412 5641 1829 5714 Aristotelem
1846 5639 2097 5712 inlibro
2111 5644 2192 5711 de
2208 5641 2645 5741 respiratione,
2662 5642 2865 5714 finem
2882 5643 3310 5744 respirationis
3337 5647 3352 5666 ‘
3376 5665 3614 5723 uaerer‘e
3627 5680 3894 5754 propter
3907 5689 4104 5759 quern
4124 5667 4227 5750 fit,

907 5752 1021 5844 qui
1041 5744 1190 5817 cum
1208 5741 1330 5813 effe
1345 5739 1460 5810 nisi
1482 5753 1650 5811 vnus
1677 5758 1987 5836 nequeat,
2004 5740 2270 5836 quando
2288 5744 2474 5811 vnius
2490 5747 2580 5810 rei
2596 5766 2729 5810 vna
2739 5739 2954 5811 forma
2973 5767 3277 5841 vnusque
3290 5676 3436 5818 fiis
3452 5752 3734 5829 ,merito
3748 5753 3929 5841 illum
3962 5757 4086 5832 esse
4119 5789 4227 5836 ca·-

905 5844 1061 5915 loris
1080 5846 1282 5911 natiui
1299 5836 1855 5934 refrigerationem
1871 5830 2225 5906 affirmaffe.
2242 5861 2324 5906 an
2337 5859 2557 5906 autem
2574 5862 2785 5906 aerem
2799 5835 2990 5908 simul
3005 5844 3199 5909 etiarn
3213 5843 3497 5915 inalium
3509 5844 3690 5918 vsum
3701 5849 3955 5951 vsurpet
3973 5883 4228 5946 natura,¹

788 5968 799 5972 ·
903 5940 1467 6039 quemadmodum
1480 5941 1548 6001 in
1564 5931 1898 6002 nonnullis
1914 5937 2202 6030 corporis
2264 5932 2504 6003 artibus
2529 5929 3021 6017 soletfacere‚·id
3050 5941 3119 6010 in
3133 5962 3240 6006 ma
3285 5954 3376 6010 no
3392 5944 3816 6040 nonposuiss'e
3840 5950 4227 6028 discrimine.

903 6035 1211 6135 praeterea
1226 6057 1373 6103 cum
1393 6050 1586 6128 negat
1601 6052 1677 6098 ex
1693 6052 1837 6097 aere
1849 6027 2150 6128 inspirato
2166 6055 2202 6097 a
2231 6026 2573 6125 ’spir-itum,
2588 6029 3212 6132 non-absolutenega
3263 6061 3299 6104 e
3316 6088 3337 6117 ,
3364 6022 3471 6108 sed
3482 6044 3745 6114 'tantum
3759 6071 4030 6147 propter
4054 6053 4237 6151 spiri-

906 6160 1008 6204 tus
1024 6134 1458 6202 nutritionem
1475 6124 2230 6222 inspirationemanimali
2245 6124 2556 6197 tributam
2575 6121 2699 6196 esse
2726 6178 2746 6207 ,
2817 6152 2967 6198 uam
2980 6127 3368 6202 sententiam
3379 6142 3657 6235 exagitat
3685 6139 3969 6215 etiam‘in
3991 6150 4127 6221 hoc
4151 6152 4236 6222 li-
4307 6155 4322 6178 ¹

906 6230 1029 6298 bro
1043 6228 1175 6299 fine
1187 6226 1292 6316 ille
1306 6222 1541 6306 fit,fiue
1558 6227 1706 6317 quis
1727 6220 1906 6296 alius.
1958 6223 2419 6319 Aristogenem
2435 6227 2609 6293 enim
2627 6225 2733 6292 Th
2827 6250 2938 6295 um
2951 6222 3461 6311 confutatsc'uius
3476 6257 3609 6303 erat
3625 6242 3854 6333 opinio
3868 6241 4237 6341 respiratio-

905 6350 1060 6394 nem
1077 6324 1199 6394 effe
1211 6325 1247 6393 a
1263 6344 1490 6391 natura
1506 6322 1746 6399 datam,
1766 6339 1839 6387 vt
1848 6317 2057 6406 alatur
2072 6314 2316 6413 spiritus
2336 6347 2351 6385 ε
2380 6341 2729 6415 aeremque
2742 6326 2810 6390 in
2822 6320 3142 6417 pulmone
3170 6349 3383 6400 conco
3435 6332 3536 6411 ui,
3554 6354 4039 6411 recrementum
4067 6348 4234 6419 vero

906 6426 1305 6519 expiratione
1319 6415 1493 6489 foras
1517 6422 1654 6487 eiici
1674 6444 1689 6484 z
1711 6440 1848 6511 quo
1865 6415 2149 6483 tendunt
2173 6439 2406 6485 ornnes
2433 6416 2714 6486 rationes
2730 6468 2751 6498 ‚
2782 6443 2940 6513 quas
2967 6416 3251 6516 superius
3291 6446 3368 6491 ex
3385 6354 3785 6502 <litabamus.
3864 6437 4088 6511 adhaec
4111 6467 4242 6541 poa

897 6525 1213 6593 nemus&
1240 6518 1370 6586 hoc
1386 6565 1407 6597 ,
1435 6513 1682 6611 spiritus
1708 6515 2143 6581 nutritionem
2172 6508 2253 6579 ab
2278 6510 2543 6583 aliarum
2556 6518 2838 6610 partium
2868 6520 3232 6587 nutritione
3258 6448 3518 6597 distgtre
3541 6573 3564 6604 ,
3601 6531 3787 6621 quod
3808 6528 3943 6606 iuae
3964 6533 4236 6638 longio-

3939 6637 3993 6701 ri
4013 6659 4081 6704 m
4092 6661 4241 6712 uta-
